{"title": "PDF", "author": "PDF", "url": "mattheus-apotheke-dresden.de/downloads/ekatalog-Q01Q02-2022.pdf", "hostname": "PDF", "description": "PDF", "sitename": "PDF", "date": "PDF", "id": "PDF", "license": "PDF", "body": "PDF", "comments": "PDF", "commentsbody": "PDF", "raw_text": "PDF", "text": "www.avesana-apotheken.deG\u00fcltigkeit: 01.04.2022 bis 30.09.2022\nIrrtum vorbehalten! + Solange der Vorrat reicht + ohne Gew\u00e4hr + handels\u00fcbliche Mengen + #Grundpreis +\n**Zu Risiken und Nebenwirkungen lesen Sie die Packungsbeilage und fragen Sie Ihren Arzt oder Apotheker. +\n*\u00dcblicher Apothekenverkaufspreis berechnet nach der Arzneimittelpreisverordnung\n***Unverbindliche Preisempfehlung des Herstellers\u00dcber 220 reduzierte Artikel, davon \u00fcber\n90 Artikel mindestens 30% g\u00fcnstiger!!\u00dcber 220 reduzierte Artikel, davon \u00fcber\n90 Artikel mindestens 30% g\u00fcnstiger!!Angebotskatalog\nFr\u00fchjahr/Sommer 2022apotheken\nUnsereTop-AngeboteUnsereTop-Angebote\nE-Rezept &\nImpf-/Genesenenausweis\nWir sind daf\u00fcr bereit,\nsprechen Sie uns an!-\na**Voltaren Schmerzgel forte\u00ae\n150 g\n\u20ac8,04 gespart\u20ac26,79 * \u20ac18,75 stattWirkstoff: Diclofenac, Diethylaminsalz.\u20ac \u20ac12,50/100 g 17,86/100 g #\n**Fenistil Gel\u00ae\n50 g\n\u20ac3,96 gespart\u20ac12,91 * \u20ac8,95 stattWirkstoff: Dimetindenmaleat.\u20ac \u20ac17,90/100 g 25,82/100 g #\n**Cetirizin-ratiopharm 10mg\u00ae\n50 Tabletten\nWirkstoff: Cetirizinhydrochlorid.\n\u20ac5,89 gespart\u20ac19,34 *** \u20ac13,45 statt\n-\napotheken\nwww.avesana-apotheken.de. .. .\n. .. .\n. .. .\nMit uns haben Sie\ndie besten Karten...\n...die avesana-\nGesundheitskarte\nFragen Sie danach!\nEine Packung avesana Salbei-Bonbons gratis!\nSie erhalten bei einem Einkauf ab 10,- und Vorlage dieses Coupons\neine Packung unserer avesana Salbei-Bonbons gratis.\nAusnahme: Aktions- und Katalogartikel,\nsowie verschreibungspflichtige Artikel.\nNur 1 Coupon pro Person\nund Einkauf einl\u00f6sbar.\u20ac\noooooooooooooooooo\nooooooooooooooooooo\nooooooooooooooooooooooooooooo\noooooooooooooooooooooooooooooooCoupon g\u00fcltig bis 30.09.2022\napothekenSehr geehrte Kunden,\nwir freuen uns Ihnen in diesem Katalog unser aktuelles Angebotssortim ent prasentieren zu durfen.\nSeit uber 18 Jahren bieten wir Ihnen fur Ihre Gesundheit preiswerte, beza hlbare und sichere Arzneimittel\nin unseren Apotheken an.\nUnsere regionale Apothekenkooperation setzt auch weiterhin auf ih r bewahrtes Konzept mit einer\nvor Ort, einer und .\nWir stehen Ihnen bei Ihren Gesundheitsfragen kompetent zur Seite und fr euen uns auf Ihren Besuch.personlichen Beratung breiten Auswahl dauerhaft gunstigen Pre isen\nIhre avesana Apothekena\na\na. .\nUnsere Gesundheitsthemen f\u00fcr Sie in diesem Katalog:\n1\n2\n3\n4\n5\n6\n7\n8\n9\n10\n1112\n13\n14\n15\n16\n17\n18\n19\n20\n21Erk\u00e4ltung und Abwehrkr\u00e4fte\nReiseapotheke\nSommer, Sonne & Allergie\nSchmerzen & Entz\u00fcndungen\nGelenke, Muskeln und Rheuma\nVitamine, Mineralien, Enzyme\n& Sport\nNahrungserg\u00e4nzungsmittel\nAugen, Inkontinenz\nMagen und Darm\nDiabetiker, Di\u00e4t & Verdauung\nPflegehilfsmittel, Trockene HautHaut, Haare und N\u00e4gel I\nHaut, Haare und N\u00e4gel II\nKosmetik & K\u00f6rperpflege\nMund, Rachen, Z\u00e4hne\nF\u00fcr Sie, Herz-Kreislauf\nF\u00fcr Ihn, Zur Raucherentw\u00f6hnung,\nF\u00fcr Tiere\nSchwangerschaft und Stillzeit\nSch\u00fc\u00dfler Salze & Hom\u00f6opathie\nNatur hilft heilen\nUnsere avesana-Produkte*\u00dcblicher Apothekenverkaufspreis berechnet nach der Arzneimittelpreisverordnung ***Unverbindliche Preisempfehlung des Herstellers\n#Grundpreis **Zu Risiken und Nebenwirkungen lesen Sie die Packungsbeilage und fragen Sie Ihren Arzt oder Apotheker.Irrtum vorbehalten! + Solange der Vorrat reicht + ohne Gew\u00e4hr + handels\u00fcbliche Mengen\n1Erk\u00e4ltung und Abwehrkr\u00e4fte\n**Contramutan Sirup\u00ae\n150 ml\n\u20ac4,75 gespart\u20ac14,70* \u20ac9,95 stattIsla Ingwer\u00ae\n30 Lutschpastillen\n\u20ac1,47 gespart\u20ac5,97 *** \u20ac4,50 statt\u20ac\n\u20ac6,63/100 ml\n9,80/100 ml #**Nasenspray PUR ratiopharm Plus\u00ae\n20 ml\n\u20ac1,59 gespart\u20ac5,19 *** \u20ac3,60 statt\u20ac\n\u20ac18,00/100 ml\n25,95/100 ml #\n**Symbioflor 1\u00ae\n2x50 ml\n\u20ac7,00 gespart\u20ac26,95 * \u20ac19,95 statt\n**Emser Nasendusche\u00ae\n1 St\u00fcck\n\u20ac5,55 gespart\u20ac17,50 *** \u20ac11,95 stattinkl. 4 Beutel Emser -Nasensp\u00fclsalz\u00ae\n**GeloSitin -Nasenpflegespray\u00ae\n15 ml\n\u20ac3,30 gespart\u20ac10,25 *** \u20ac6,95 statt\u20ac\n\u20ac46,33/100 ml\n68,33/100 ml #\n**Orthomol immun\n30 Trinkfl\u00e4schchen+Tabletten\n\u20ac13,04 gespart\u20ac64,99 *** \u20ac51,95 statt\n**Sinupret extract\u00ae\n40 Tabletten\n\u20ac6,60 gespart\u20ac27,55* \u20ac20,95 statt**Thymian Li-iL Erk\u00e4ltungs-\nArzneibad\n100 ml\n\u20ac3,02 gespart\u20ac9,97 *** \u20ac6,95 statt\nIrrtum vorbehalten! + Solange der Vorrat reicht + ohne Gew\u00e4hr + handels\u00fcbliche Mengen\n*\u00dcblicher Apothekenverkaufspreis berechnet nach der Arzneimittelpreisverordnung ***Unverbindliche Preisempfehlung des Herstellers\n#Grundpreis **Zu Risiken und Nebenwirkungen lesen Sie die Packungsbeilage und fragen Sie Ihren Arzt oder Apotheker. 2Alles f\u00fcr Ihre Reiseapotheke\nOctenisept Wunddesinfektionsspray\u00ae\n50 ml**Anti Brumm forte\u00ae\n150 ml\n\u20ac2,55 gespart\u20ac18,50 *** \u20ac15,95 statt**Imodium akut lingual\u00ae\n12 Schmelztabletten\n\u20ac3,02 gespart\u20ac12,97 * \u20ac9,95 statt**\nWirkstoff: Loperamidhydrochlorid.\n\u20ac\n\u20ac10,63/100 ml\n12,33/100 ml #\u20ac\n\u20ac11,90/100 ml\n15,58/100 ml #\n\u20ac1,84 gespart\u20ac7,79 *** \u20ac5,95 statt\nCompeed Blasenpflaster Mixpack\n5 St\u00fcck\n\u20ac1,50 gespart\u20ac7,95 *** \u20ac6,45 statt\n**Fenistil Gel\u00ae\n50 g\n\u20ac3,96 gespart\u20ac12,91 * \u20ac8,95 stattWirkstoff: Dimetindenmaleat.\u20ac \u20ac17,90/100 g 25,82/100 g #**DracoPlast Classic\n20 Pflaster\n- wasserabweisend\n- elastisch\n- zwei verschiedene\nGr\u00f6\u00dfena\na\na\nDauertiefstpreis\u20ac3,45**COOLakut Stich & Sun Pflegegel\u00ae\n30 ml\n\u20ac2,00 gespart\u20ac8,95 *** \u20ac6,95 statt\u20ac23,17/100 ml\n\u20ac29,83/100 ml #\n**Superpep Reisekaugummi\u00ae\n10 Dragees\n\u20ac3,75 gespart\u20ac11,70 * \u20ac7,95 stattWirkstoff: Dimenhydrinat.**bite away Stichheiler\u00ae\n1 St\u00fcck\n\u20ac7,00 gespart\u20ac32,95 *** \u20ac25,95 stattKann Juckreiz und Schmerzen\nbei Insektenstichen und\n-bissen durch konzentrierte\nW\u00e4rme lindern.\n*\u00dcblicher Apothekenverkaufspreis berechnet nach der Arzneimittelpreisverordnung ***Unverbindliche Preisempfehlung des Herstellers\n#Grundpreis **Zu Risiken und Nebenwirkungen lesen Sie die Packungsbeilage und fragen Sie Ihren Arzt oder Apotheker.Irrtum vorbehalten! + Solange der Vorrat reicht + ohne Gew\u00e4hr + handels\u00fcbliche Mengen\n3AllergieSommer, Sonne, Sonnenschein...\n**Mometason-ratiopharm\u00ae\nHeuschnupfenspray\n18 g\n\u20ac5,96 gespart\u20ac19,81 *** \u20ac13,85 stattWirkstoff: Mometasonfuroat.**Cetirizin-ratiopharm 10mg\u00ae\n50 Tabletten\nWirkstoff: Cetirizinhydrochlorid.\u20ac\n\u20ac76,94/100 g\n110,06/100 g #Panthenol Spray\u00ae\n130 g**Avitale Calcium-Sonne direkt\n30 Sticks\n\u20ac2,00 gespart\u20ac9,95 *** \u20ac7,95 statt**\nWirkstoff: Dexpanthenol.\n\u20ac4,00 gespart\u20ac12,95 * \u20ac8,95 statt\u20ac\n\u20ac6,88/100 g\n9,96/100 g #\n**Cetaphil Sun Daylong\u00ae TM\nSPF 30 Lotion\n100 ml\n\u20ac4,00 gespart\u20ac19,95 *** \u20ac15,95 statt \u20ac24,95 *** \u20ac19,95 statt\n\u20ac5,00 gespart- besondere Formulierung\nf\u00fcr sehr langen Sonnen-\nschutz (bis 8h)\n- extra wasserresistent\n- f\u00fcr empfindliche Haut,\nAllergiker und bei\nNeurodermitis geeigneta\na- besondere Formulierung\nf\u00fcr sehr langen Sonnen-\nschutz (bis 8h)\na\n- extra wasserresistent\na\n- f\u00fcr empfindliche Haut,\nAllergiker und bei\nNeurodermitis geeignet\n\u20ac4,00 gespart\u20ac14,95 *** \u20ac10,95 statt- k\u00fchlende, beruhigende Pflege\nsonnenbeanspruchter Haut\n- zieht schnell ein, klebt und\nfettet nicht\n- feuchtigkeitsspendend mit\nVitamin E, Dexpanthenol und\nGlycerin\n- unterst\u00fctzt die Reparaturme-\nchanismen und Zellregenerationa\na\na\na**Cetaphil Sun Daylong\nAfter Sun Repair Lotion\u00ae TM\n100 ml**Cetaphil Sun Daylong\nKids SPF 50 Lotion\u00ae TM\n+\n150 ml\n\u20ac \u20ac13,30/100 ml 16,63/100 ml #\n\u20ac5,89 gespart\u20ac19,34 *** \u20ac13,45 statt**Allergodil akut Augentropfen\u00ae\n6 ml\nWirkstoff: Azelastinhydrochlorid.\n\u20ac3,80 gespart\u20ac12,45 * \u20ac8,65 statt\u20ac\n\u20ac144,17/100 ml\n207,50/100 ml #Av\u00e8ne Thermalwasser Spray\n150 ml\n\u20ac1,95 gespart\u20ac9,20 *** \u20ac7,25 statt\n\u20ac\n\u20ac4,83/100 ml\n6,13/100 ml #\nIrrtum vorbehalten! + Solange der Vorrat reicht + ohne Gew\u00e4hr + handels\u00fcbliche Mengen\n*\u00dcblicher Apothekenverkaufspreis berechnet nach der Arzneimittelpreisverordnung ***Unverbindliche Preisempfehlung des Herstellers\n#Grundpreis **Zu Risiken und Nebenwirkungen lesen Sie die Packungsbeilage und fragen Sie Ihren Arzt oder Apotheker. 4Schmerzen und Entz\u00fcndungen\n\u20ac5,48 gespart\u20ac17,98 * \u20ac12,50 statt\n\u20ac4,95 gespart\u20ac16,40 * \u20ac11,45 statt\n**Voltaren Schmerzgel forte\u00ae\n150 g\n\u20ac8,04 gespart\u20ac26,79 * \u20ac18,75 statt\n**Restaxil fl\u00fcssig\u00ae\n50 ml\n\u20ac7,04 gespart\u20ac42,99 *** \u20ac35,95 statt**doc Ibuprofen Schmerzgel\u00ae\n100 g\n\u20ac3,23 gespart\u20ac10,48 *** \u20ac7,25 statt**Voltaren Schmerzgel\u00ae\n120 g\nWirkstoff: Diclofenac, Diethylaminsalz.\u20ac \u20ac9,54/100 g 13,67/100 g #**Kytta Schmerzsalbe\u00ae\n100g\nWirkstoff: Beinwellwurzel-Fluidextrakt.\n\u20ac3,23 gespart\u20ac10,48 * \u20ac7,25 statt**Diclox forte ratiopharm\u00ae\n100g\n\u20ac5,14 gespart\u20ac16,99 *** \u20ac11,85 stattWirkstoff: Diclofenac, Diethylaminsalz.\u20ac \u20ac12,50/100 g 17,86/100 g #\n\u20ac4,85 gespart\u20ac15,80 * \u20ac10,95 stattWirkstoff: Ibuprofen.\nAspirin Effekt\u00ae\n20 Beutel\n**IBU-Lysin-ratiopharm 400mg\u00ae\n20 Filmtabletten\nWirkstoff: Ibuprofen-DL-Lysinat.\n\u20ac\n\u20ac71,90/100 ml\n85,98/100 ml #\nWirkstoff: Diclofenac-N-Ethylethanamin.****Paracetamol ratiopharm 1000mg\u00ae\n10 Tabletten\n\u20ac1,13 gespart\u20ac3,58 *** \u20ac2,45 statt\nWirkstoff: Paracetamol.\nWirkstoff: Acetylsalicyls\u00e4ure.\n*\u00dcblicher Apothekenverkaufspreis berechnet nach der Arzneimittelpreisverordnung ***Unverbindliche Preisempfehlung des Herstellers\n#Grundpreis **Zu Risiken und Nebenwirkungen lesen Sie die Packungsbeilage und fragen Sie Ihren Arzt oder Apotheker.Irrtum vorbehalten! + Solange der Vorrat reicht + ohne Gew\u00e4hr + handels\u00fcbliche Mengen\n5Gelenke, Muskeln und Rheuma\n**Keltican forte\u00ae\n40 Kapseln\n\u20ac8,00 gespart\u20ac42,55*** \u20ac33,95 statt\n\u20ac12,55 gespart\u20ac52,50 * \u20ac39,95 statt\nVoltaren W\u00e4rmepflaster\nR\u00fccken\n4 St\u00fcck**Orthomol Arthro plus\n30 Beutel\n\u20ac14,04 gespart\u20ac67,99 *** \u20ac53,95 statt\n**Pferdesalbe WEPA\n500 ml**Allg\u00e4uer Latschenkiefer\u00ae\nFranzbranntwein\n500 ml\n\u20ac6,30 gespart\u20ac20,95 *** \u20ac14,65 statt**Dona 750mg\u00ae\n60 Tabletten\nWirkstoff: Glucosaminhemisulfat .\n**\n\u20ac5,09 gespart\u20ac16,99 *** \u20ac11,90 statt**Diclo ratiopharm Schmerzgel\u00ae\n150 g\nWirkstoff: Diclofenac, Natriumsalz.\n\u20ac\n\u20ac29,30/1 l\n41,90/1 l #\n\u20ac3,33 gespart\u20ac10,98 *** \u20ac7,65 statt\n\u20ac \u20ac7,93/100 g 11,33/100 g #\n\u20ac4,20 gespart\u20ac13,95 *** \u20ac9,75 statt\n\u20ac \u20ac15,30/1 l 21,96/1 l #\nTherma Care R\u00fccken\u00ae\n4 St\u00fcck**\nDauertiefstpreis\u20ac18,95\n**Retterspitz Muskelcreme\u00ae\n100 g\n\u20ac3,75 gespart\u20ac16,70 *** \u20ac12,95 statt\nIrrtum vorbehalten! + Solange der Vorrat reicht + ohne Gew\u00e4hr + handels\u00fcbliche Mengen\n*\u00dcblicher Apothekenverkaufspreis berechnet nach der Arzneimittelpreisverordnung ***Unverbindliche Preisempfehlung des Herstellers\n#Grundpreis **Zu Risiken und Nebenwirkungen lesen Sie die Packungsbeilage und fragen Sie Ihren Arzt oder Apotheker. 6Vitamine, Mineralien und Enzyme\nVitasprint B12\u00ae\n30 Fl\u00e4schchenGalacordin complex\u00ae\n100 Tabletten\n\u20ac5,70 gespart\u20ac18,95 *** \u20ac13,25 statt** ** **KaRazym\u00ae\n100 Tabletten\n\u20ac6,95 gespart\u20ac32,90*** \u20ac25,95 statt\nDauertiefstpreis\u20ac55,95**Calcigen D\u00ae\n120 Kautabletten\n\u20ac7,69 gespart\u20ac25,49* \u20ac17,80 statt\nVitamin D3-Hevert\u00ae\n200 Tabletten**\nWirkstoff: Colecalciferol .\n\u20ac4,96 gespart\u20ac16,41 * \u20ac11,45 statt\nSport\n**EisSpray-ratiopharm\u00ae\n150 ml\n\u20ac2,73 gespart\u20ac8,98 *** \u20ac6,25 statt\n\u20ac\n\u20ac4,17/100 ml\n5,99/100 ml #**Magnesium Verla 300 Uno\u00ae\n50 Beutel\n\u20ac6,00 gespart\u20ac19,85 *** \u20ac13,85 stattWirkstoff: Magnesiumcitrat.\nMagnesium-ratiopharm 300 mg\u00ae\n40 Beutel zur Direkteinnahme**\n\u20ac4,50 gespart\u20ac14,95 *** \u20ac10,45 stattWirkstoff: Magnesiumoxid .\nJodid-ratiopharm 200 \u00b5g\u00ae\n100 Tabletten**\n\u20ac2,02 gespart\u20ac6,72 *** \u20ac4,70 stattWirkstoff: Kaliumjodat .\n*\u00dcblicher Apothekenverkaufspreis berechnet nach der Arzneimittelpreisverordnung ***Unverbindliche Preisempfehlung des Herstellers\n#Grundpreis **Zu Risiken und Nebenwirkungen lesen Sie die Packungsbeilage und fragen Sie Ihren Arzt oder Apotheker.Irrtum vorbehalten! + Solange der Vorrat reicht + ohne Gew\u00e4hr + handels\u00fcbliche Mengen\n7Nahrungserg\u00e4nzungsmittel\n**Doppelherz Seefisch\u00f6l Omega-3\n1000mg + Fols\u00e4ure + B + B\u00ae\n6 12\n120 Kapseln\n\u20ac4,00 gespart\u20ac19,95 *** \u20ac15,95 statt**Doppelherz Magnesium 400 Citrat\u00ae\n20 Granulatbeutel\n\u20ac2,00 gespart\u20ac7,95 *** \u20ac5,95 statt\n**Tromcardin complex\u00ae\n120 Tabletten\n\u20ac8,55 gespart\u20ac28,45 *** \u20ac19,90 statt\n**Basen Citrate pur Pulver\u00ae\n216 g\n\u20ac3,00 gespart\u20ac15,95 *** \u20ac12,95 statt**Basica compact\u00ae\n120 Tabletten\n\u20ac4,65 gespart\u20ac15,50 *** \u20ac10,85 statt\n\u20ac\n\u20ac59,95/1 kg\n73,84/1 kg #\n**Floradix Kr\u00e4uterblut\u00ae\n250 ml\n\u20ac3,24 gespart\u20ac10,79 *** \u20ac7,55 statt\n\u20ac\n\u20ac30,20/1 l\n43,16/1 l #**LactoStopp 5500 FCC\u00ae\n120 Tabletten\n\u20ac3,00 gespart\u20ac16,95 *** \u20ac13,95 statt\nRosaxan\u00ae\n750 ml\n\u20ac4,55 gespart\u20ac23,50 *** \u20ac18,95 statt**\n\u20ac\n\u20ac25,27/1 l\n31,33/1 l #\nVitamin B-Komplex-ratiopharm\u00ae\n60 Kapseln\n\u20ac3,95 gespart\u20ac19,90 *** \u20ac15,95 statt**\nIrrtum vorbehalten! + Solange der Vorrat reicht + ohne Gew\u00e4hr + handels\u00fcbliche Mengen\n*\u00dcblicher Apothekenverkaufspreis berechnet nach der Arzneimittelpreisverordnung ***Unverbindliche Preisempfehlung des Herstellers\n#Grundpreis **Zu Risiken und Nebenwirkungen lesen Sie die Packungsbeilage und fragen Sie Ihren Arzt oder Apotheker. 8Augen\nHyaluron-ratiopharm\nAugentropfen\u00ae\n2 x 10 mlArtelac complete MDO\u00ae\n10 ml\n\u20ac4,20 gespart\u20ac16,95 *** \u20ac12,75 stattHylo-Comod Augentropfen\u00ae\n10 ml**Vidisan EDO\u00ae\n10 x 0,6 ml**CentroVision 15mg Lutein\u00ae\n30 Kapseln\n\u20ac3,04 gespart\u20ac16,99 *** \u20ac13,95 statt\n****\n\u20ac3,00 gespart\u20ac15,95 *** \u20ac12,95 statt\n**\n\u20ac\n\u20ac127,50/100 ml\n169,50/100 ml #\n\u20ac7,03 gespart\u20ac23,38 *** \u20ac16,35 statt\n\u20ac\n\u20ac81,75/100 ml\n116,90/100 ml #\nWirkstoff: Hyalurons\u00e4ure-Natrium .\u20ac2,00 gespart\u20ac9,95 *** \u20ac7,95 statt\u20ac \u20ac132,50/100ml 165,83/100ml   #\u20ac\n\u20ac129,50/100 ml\n159,50/100 ml #\n**Blephaclean\n20 sterile Kompressen\n\u20ac2,80 gespart\u20ac11,25 *** \u20ac8,45 statt\nInkontinenz\nTena Lady ultra mini\u00ae28 St\u00fcck\n16 St\u00fcck/c151\nTena Lady mini\u00aeplus/c151Tena Lady\u00ae\n30 St\u00fcckTena Pants plus Confio\u00ae\n14 St\u00fcck\nGr\u00f6\u00dfe S: 14,95 \u20ac\nGr\u00f6\u00dfe M: 15,95 \u20ac\nGr\u00f6\u00dfe L: 17,95 \u20ac\nDie saugf\u00e4higen Einweghosen bei st\u00e4rkerer Blasenschw\u00e4che.\u20ac7,75\u20ac8,95\nDie saugf\u00e4hige Slipeinlage bei mittlerer Blasenschw\u00e4che.Tena Lady discreet extra\u00ae\n20 St\u00fcck\nDie saugf\u00e4hige Slipeinlage bei leichter Blasenschw\u00e4che.\u20ac3,95\nTena Lady discreet mini\u00ae30 St\u00fcck/c151\n\u20ac5,45\n*\u00dcblicher Apothekenverkaufspreis berechnet nach der Arzneimittelpreisverordnung ***Unverbindliche Preisempfehlung des Herstellers\n#Grundpreis **Zu Risiken und Nebenwirkungen lesen Sie die Packungsbeilage und fragen Sie Ihren Arzt oder Apotheker.Irrtum vorbehalten! + Solange der Vorrat reicht + ohne Gew\u00e4hr + handels\u00fcbliche Mengen\n9Magen und Darm\n**Lefax intens Lemon Fresh\u00ae\n20 Granulatbeutel\n\u20ac3,15 gespart\u20ac10,40 *** \u20ac7,25 statt\nKijimea Reizdarm Pro\u00ae\n28 Kapseln**Macrogol-ratiopharm Balance\u00ae\n30 Beutel**Gaviscon Dual\n12x10 ml\n\u20ac3,02 gespart\u20ac9,97* \u20ac6,95 statt\n**Omni-Biotic 10\u00ae\n20 Portionsbeutel \u00e1 5g**Dulcolax\u00ae\n40 Dragees**Iberogast advance\u00ae\n50 ml\n\u20ac5,74 gespart\u20ac23,69 *** \u20ac17,95 statt**Pantoprazol-ratiopharm\u00aeSK 20mg\n14 magensaftresistente Tabletten\nWirkstoff: Pantoprazol .\n**\n\u20ac3,02 gespart\u20ac9,97* \u20ac6,95 statt\u20ac\n\u20ac35,90/100 ml\n47,38/100 ml #\nWirkstoff: Simeticon .**Lactulose-ratiopharm Sirup\u00ae\n500 ml\n\u20ac4,75 gespart\u20ac14,70 *** \u20ac9,95 stattWirkstoff: Lactulose.\n\u20ac\n\u20ac19,90/1 l\n29,40/1 l #\n\u20ac6,84 gespart\u20ac22,74 *** \u20ac15,90 statt\n\u20ac5,95 gespart\u20ac35,90 *** \u20ac29,95 statt\n\u20ac6,00 gespart\u20ac30,95 *** \u20ac24,95 stattWirkstoff: Bisacodyl.\nDauertiefstpreis\u20ac6,95\nIrrtum vorbehalten! + Solange der Vorrat reicht + ohne Gew\u00e4hr + handels\u00fcbliche Mengen\n*\u00dcblicher Apothekenverkaufspreis berechnet nach der Arzneimittelpreisverordnung ***Unverbindliche Preisempfehlung des Herstellers\n#Grundpreis **Zu Risiken und Nebenwirkungen lesen Sie die Packungsbeilage und fragen Sie Ihren Arzt oder Apotheker. 10F\u00fcr Diabetiker\nDi\u00e4t und Verdauung\n**Formoline L112 extra\n48 Tabletten\n\u20ac7,95 gespart\u20ac37,90 *** \u20ac29,95 statt**\n\u20ac1,30 gespart\u20ac4,25 *** \u20ac2,95 stattAccu-Chek Instant\u00ae\n50 TeststreifenContour Next\u00ae\n50 Teststreifen\n\u20ac5,04 gespart\u20ac29,99 *** \u20ac24,95 stattOne Touch Select Plus\u00ae\n50 Teststreifen\n\u20ac5,04 gespart\u20ac26,99 *** \u20ac21,95 stattMilgamma protekt\u00ae\n90 Tabletten\n\u20ac4,49 gespart\u20ac25,99 *** \u20ac21,50 statt**\n\u20ac12,00 gespart\u20ac65,95 * \u20ac53,95 stattWirkstoff: Benfotiamin.\nFastentee\n20 Filterbeutel\nAccu-Chek instant Set mmol/l\u00ae\nBlutzuckermessger\u00e4t**\n\u20ac38,11 gespart\u20ac46,06 *** \u20ac7,95 statt\n**Hepar-SL 320 mg\u00ae\n100 Kapseln\n\u20ac8,50 gespart\u20ac42,45 *** \u20ac33,95 stattWirkstoff: Artischockenbl\u00e4tter-Trockenextrakt.\n**Cetaphil Pro Urea 10% Fu\u00dfsalbe\u00ae\n100 g\n\u20ac2,00 gespart\u20ac9,95 *** \u20ac7,95 statt\n*\u00dcblicher Apothekenverkaufspreis berechnet nach der Arzneimittelpreisverordnung ***Unverbindliche Preisempfehlung des Herstellers\n#Grundpreis **Zu Risiken und Nebenwirkungen lesen Sie die Packungsbeilage und fragen Sie Ihren Arzt oder Apotheker.Irrtum vorbehalten! + Solange der Vorrat reicht + ohne Gew\u00e4hr + handels\u00fcbliche Mengen\n11Trockene Haut\n** Dermatop Basissalbe\u00ae/c151100 g\n100 g Dermatop Basiscreme\u00ae/c151\n\u20ac3,78 gespart\u20ac15,73 *** \u20ac11,95 statt\nLinola Fett Creme\u00ae\n50 gLinola Hautmilch\u00ae\n200 ml\n\u20ac2,50 gespart\u20ac14,45 *** \u20ac11,95 statt**\nje\n\u20ac3,27 gespart\u20ac10,72 * \u20ac7,45 statt**\n\u20ac\n\u20ac5,98/100 ml\n7,23/100 ml #\n\u20ac \u20ac14,90/100 g 21,44/100 g #**Linola Schutzbalsam\u00ae\n50 ml\n\u20ac1,50 gespart\u20ac9,45 *** \u20ac7,95 statt\u20ac\n\u20ac15,90/100 ml\n18,90/100 ml #\n**Cetaphil Pro Urea 10% Lotion\u00ae\n200 ml\n\u20ac4,00 gespart\u20ac16,95 *** \u20ac12,95 statt\u20ac\n\u20ac6,48/100 ml\n8,48/100 ml #\n\u20ac4,00 gespart\u20ac27,95 *** \u20ac23,95 statt\u20ac\n\u20ac52,87/1 kg\n61,70/1 kg #Pflegehilfsmittel\nMedi-7 Medikamentendosierer\u00ae\n\u20ac4,50 gespart\u20ac14,45 *** \u20ac9,95 statt\n\u20ac1,05 gespart\u20ac6,30 *** \u20ac5,25 stattSagrotan Med\u00ae\nHaut- und Fl\u00e4chen-\ndesinfektion\n250 ml\n\u20ac2,50 gespart\u20ac7,45 statt**\n\u20ac\n\u20ac29,80/1 l\n39,80/1 l #\n\u20ac9,95 ***MoliCare Bettschutzeinlage\n60x90 cm\u00ae\n- 5 St\u00fcck\n**Cetaphil Feuchtigkeitscreme\u00ae\n453 g\nIrrtum vorbehalten! + Solange der Vorrat reicht + ohne Gew\u00e4hr + handels\u00fcbliche Mengen\n*\u00dcblicher Apothekenverkaufspreis berechnet nach der Arzneimittelpreisverordnung ***Unverbindliche Preisempfehlung des Herstellers\n#Grundpreis **Zu Risiken und Nebenwirkungen lesen Sie die Packungsbeilage und fragen Sie Ihren Arzt oder Apotheker. 12Haut, Haare und N\u00e4gel\n**Compeed Herpesbl\u00e4schen Patch\u00ae\n15 Pflaster\n\u20ac3,00 gespart\u20ac12,95 *** \u20ac9,95 statt\n\u20ac2,12 gespart\u20ac6,97* \u20ac4,85 statt\n\u20ac1,56 gespart\u20ac5,11 *** \u20ac3,55 statt\nLamisil Creme\u00ae\n15 g\n**Multilind Heilsalbe\u00ae\n25 g\n\u20ac3,62 gespart\u20ac11,97 * \u20ac8,35 statt**Hametum Wund-und Heilsalbe\u00ae\n50 g**Mirfulan Wund- und Heilsalbe\u00ae\n100 g\n\u20ac5,54 gespart\u20ac18,49* \u20ac12,95 statt**Aciclovir-ratiopharm\nLippenherpescreme\u00ae\n2 g\nWirkstoff: Aciclovir.\u20ac \u20ac177,50/100 g 255,50/100 g #**Bepanthen\nAugen- und Nasensalbe\u00ae\n10 g\n\u20ac2,39 gespart\u20ac9,89*** \u20ac7,50 stattWirkstoff: Terbinafinhydrochlorid.**\n\u20ac2,47 gespart\u20ac9,97* \u20ac7,50 statt\u20ac \u20ac15,00/100 g 19,94/100 g #\n\u20ac \u20ac48,50/100 g 69,70/100 g #\n\u20ac \u20ac50,00/100 g 65,93/100 g #\n\u20ac \u20ac33,40/100 g 47,88/100 g #\nWirkstoff: Hamamelisdestillat.\n**Tyrosur Wundheilgel\u00ae\n15 g\n\u20ac \u20ac46,33/100 g 66,47/100 g #\n\u20ac3,02 gespart\u20ac9,97* \u20ac6,95 statt\n**Verrukill-ratiopharm\u00ae\n50 ml\n\u20ac4,54 gespart\u20ac19,49 *** \u20ac14,95 statt\n\u20ac\n\u20ac29,90/100 ml\n38,98/100 ml #\n*\u00dcblicher Apothekenverkaufspreis berechnet nach der Arzneimittelpreisverordnung ***Unverbindliche Preisempfehlung des Herstellers\n#Grundpreis **Zu Risiken und Nebenwirkungen lesen Sie die Packungsbeilage und fragen Sie Ihren Arzt oder Apotheker.Irrtum vorbehalten! + Solange der Vorrat reicht + ohne Gew\u00e4hr + handels\u00fcbliche Mengen\n13Haut, Haare und N\u00e4gel\n**Loceryl Nagellack\u00ae\n3 ml\n\u20ac9,02 gespart\u20ac35,97 * \u20ac26,95 statt\n\u20ac8,40 gespart\u20ac28,35 * \u20ac19,95 statt\nLicener Shampoo gg. Kopfl\u00e4use\u00ae\n100 ml**Terzolin L\u00f6sung\u00ae\n60 ml\n\u20ac3,78 gespart\u20ac17,73 * \u20ac13,95 statt\n**Hydrocortison-ratiopharm\n0,5 % Creme\u00ae\n15 g\n\u20ac1,97 gespart\u20ac6,47 *** \u20ac4,50 statt**gesundleben Biotin 5mg\n60 Tabletten**Priorin\u00ae\n120 Kapseln**Ciclopoli gegen Nagelpilz\u00ae\n3,3 ml\nWirkstoff: Ciclopirox.\n\u20ac3,85 gespart\u20ac19,80 *** \u20ac15,95 statt**\n\u20ac3,95 gespart\u20ac12,90 *** \u20ac8,95 statt\u20ac\n\u20ac23,25/100 ml\n29,55/100 ml #\n\u20ac \u20ac30,00/100 g 43,13/100 g #\u20ac\n\u20ac604,55/100 ml\n859,09/100 ml #\nWirkstoff: Amorolfinhydrochlorid.\nWirkstoff: Ketoconazol.\nDauertiefstpreis\u20ac39,95Wirkstoff: Hydrocortison.\n\u20ac9,03 gespart\u20ac37,98 * \u20ac28,95 statt**Canesten Extra Nagelset\u00ae\n\u20ac \u20ac898,33/100 ml 1199,00/100 ml #\n**Amorolfin-ratiopharm\n5% wirkstoffhaltiger Nagellack\u00ae\n3 ml\n\u20ac8,24 gespart\u20ac31,19 *** \u20ac22,95 statt\nWirkstoff: Amorolfin.\u20ac\n\u20ac765,00/100 ml\n1039,67/100 ml #\nIrrtum vorbehalten! + Solange der Vorrat reicht + ohne Gew\u00e4hr + handels\u00fcbliche Mengen\n*\u00dcblicher Apothekenverkaufspreis berechnet nach der Arzneimittelpreisverordnung ***Unverbindliche Preisempfehlung des Herstellers\n#Grundpreis **Zu Risiken und Nebenwirkungen lesen Sie die Packungsbeilage und fragen Sie Ihren Arzt oder Apotheker. 14Kosmetik und K\u00f6rperpflege\n\u20ac6,38 gespart\u20ac32,33 *** \u20ac25,95 statt\n\u20ac6,00 gespart\u20ac20,65 *** \u20ac14,65 statt\n\u20ac5,00 gespart\u20ac15,95 *** \u20ac10,95 statt\n\u20ac5,00 gespart\u20ac16,65 *** \u20ac11,65 statt\n\u20ac3,65 gespart\u20ac15,60 *** \u20ac11,95 statt\n\u20ac3,95 gespart\u20ac21,90 *** \u20ac17,95 statt\n\u20ac2,75 gespart\u20ac13,70 *** \u20ac10,95 statt\n\u20ac1,00 gespart\u20ac7,95 *** \u20ac6,95 statt\n\u20ac4,40 gespart\u20ac14,35 *** \u20ac9,95 stattEucerin Hyaluron Filler Tag\u00ae\n50 mlCELYOUNG Antiaging Creme\u00ae\n50 ml\nOliven\u00f6l Feuchtigkeitspflege\n50 mlOliven\u00f6l Intensivcreme Ros\u00e9\nTagescreme\n50 mlOliven\u00f6l K\u00f6rperbalsam\n250 ml\nFrei\u00d6l Pflege\u00d6l\u00ae\n125 mlFrei\u00d6l FeuchtigkeitsCreme\u00ae\n50 mlHyaluron Sanfte Br\u00e4une\nGesichtspflege\n50 ml\nAllg\u00e4uer Latschenkiefer\u00ae\nHornhautreduziercreme\n75 mlAlvita Ohrreinigungsspray\u00ae\n100 mlDauertiefstpreis\u20ac24,95\u20ac49,90/100 ml #\n\u20ac\n\u20ac51,90/100 ml\n64,66/100 ml #\n\u20ac\n\u20ac29,30/100 ml\n41,30/100 ml #\n\u20ac\n\u20ac23,30/100 ml\n33,30/100 ml #\n\u20ac\n\u20ac43,80/1 l\n63,80/1 l #\n\u20ac\n\u20ac23,90/100 ml\n31,20/100 ml #\u20ac\n\u20ac8,76/100 ml\n10,96/100 ml #\u20ac\n\u20ac35,90/100 ml\n43,80/100 ml #\n\u20ac\n\u20ac13,27/100 ml\n19,13/100 ml #\nEucerin UREA REPAIR\nGesichtscreme 5%\u00ae\n50 ml\n\u20ac37,50/100 ml #\nDauertiefstpreis\u20ac18,75\n\u20ac6,90 *****Gehwohl Frische Balsam\u00ae\n75 g\n\u20ac1,65 gespart\u20ac5,25 statt\u20ac\n\u20ac7,00/100 g\n9,20/100 g #\n*\u00dcblicher Apothekenverkaufspreis berechnet nach der Arzneimittelpreisverordnung ***Unverbindliche Preisempfehlung des Herstellers\n#Grundpreis **Zu Risiken und Nebenwirkungen lesen Sie die Packungsbeilage und fragen Sie Ihren Arzt oder Apotheker.Irrtum vorbehalten! + Solange der Vorrat reicht + ohne Gew\u00e4hr + handels\u00fcbliche Mengen\n15Mund, Rachen und Z\u00e4hne\n**Curaprox CS5460\u00ae\nZahnb\u00fcrsten\n3er Pack**Pearls & Dents Zahncreme\u00ae\n100 ml\n\u20ac2,10 gespart\u20ac6,95 *** \u20ac4,85 statt**CB12 Mundsp\u00fclung\u00ae\n250 ml\nSalviathymol N\u00ae\n50 ml**Elmex Gel\u00e9e\u00ae\n25 g\n\u20ac3,35 gespart\u20ac11,10 * \u20ac7,75 statt**Meridol med CHX 0,2%\u00ae\n300 ml\n\u20ac3,00 gespart\u20ac12,95 *** \u20ac9,95 statt\n**Kukident Aktiv Plus\u00ae\n99 Tabletten\n\u20ac0,74 gespart\u20ac3,99 *** \u20ac3,25 statt**Kamistad Gel\u00ae\n20 g**Kamillan\u00ae\n100 ml\n\u20ac3,45 gespart\u20ac11,40 *** \u20ac7,95 statt\n\u20ac\n\u20ac31,00/100 g\n44,40/100 g #\u20ac\n\u20ac17,90/100 ml\n25,94/100 ml #\n\u20ac4,02 gespart\u20ac12,97 * \u20ac8,95 statt**\n\u20ac\n\u20ac3,17/100 ml\n4,32/100 ml #\n\u20ac \u20ac59,75/100 g 87,50/100 g #\n\u20ac5,55 gespart\u20ac17,50 * \u20ac11,95 statt\n\u20ac2,00 gespart\u20ac9,95 *** \u20ac7,95 statt\n\u20ac4,00 gespart\u20ac14,95 *** \u20ac10,95 statt\n\u20ac\n\u20ac3,17/100 ml\n3,98/100 ml #\nIrrtum vorbehalten! + Solange der Vorrat reicht + ohne Gew\u00e4hr + handels\u00fcbliche Mengen\n*\u00dcblicher Apothekenverkaufspreis berechnet nach der Arzneimittelpreisverordnung ***Unverbindliche Preisempfehlung des Herstellers\n#Grundpreis **Zu Risiken und Nebenwirkungen lesen Sie die Packungsbeilage und fragen Sie Ihren Arzt oder Apotheker. 16F\u00fcr Sie\nRemifemin\u00ae\n200 TablettenFemannose N\u00ae\n14 Portionsbeutel\n\u20ac3,95 gespart\u20ac22,60 *** \u20ac18,65 stattSagella pH 3,5 oder polygyn\u00ae\nje 100 ml**Granufink femina\u00ae\n120 Kapseln\n\u20ac11,50 gespart\u20ac44,45 *** \u20ac32,95 statt**Regaine Frauen\u00ae\n3 x 60 ml\n\u20ac16,04 gespart\u20ac65,99 * \u20ac49,95 statt\n\u20ac7,83 gespart\u20ac35,78 *** \u20ac27,95 statt****\nWirkstoff: Minoxidil.\u20ac\n\u20ac27,75/100 ml\n36,20/100 ml #\n\u20ac1,34 gespart\u20ac6,99 *** \u20ac5,65 statt\n**\n **Vagisan FeuchtCreme\u00ae\n50 g inkl. Applikator\n\u20ac2,84 gespart\u20ac17,79 *** \u20ac14,95 statt\n\u20ac \u20ac29,90/100 g 35,58/100 g #\nWirkstoff: Cimicifugawurzelstock-Trockenextrakt.\nHerz-Kreislauf\n**Aspirin protect 100mg\u00ae\n98 magensaftresistente Tabletten\n\u20ac4,06 gespart\u20ac13,01 * \u20ac8,95 statt**ASS-ratiopharm protect 100mg\u00ae\n100 magensaftresistente Tabletten\n\u20ac1,52 gespart\u20ac4,97 *** \u20ac3,45 stattWirkstoff: Acetylsalicyls\u00e4ure. Wirkstoff: Acetylsalicyls\u00e4ure.\nAlvita Oberarm-\nBlutdruckmessger\u00e4t\u00ae\n\u20ac5,00 gespart\u20ac34,95 *** \u20ac29,95 statt\n*\u00dcblicher Apothekenverkaufspreis berechnet nach der Arzneimittelpreisverordnung ***Unverbindliche Preisempfehlung des Herstellers\n#Grundpreis **Zu Risiken und Nebenwirkungen lesen Sie die Packungsbeilage und fragen Sie Ihren Arzt oder Apotheker.Irrtum vorbehalten! + Solange der Vorrat reicht + ohne Gew\u00e4hr + handels\u00fcbliche Mengen\n17F\u00fcr Ihn\n\u20ac29,95\nZur Raucherentw\u00f6hnungGranufink Prosta\u00ae\n120 KapselnProstagutt duo 160/120mg\u00ae\n2 x 100 Kapseln**Neradin\u00ae\n20 Tabletten\n\u20ac5,49 gespart\u20ac32,99 *** \u20ac27,50 statt\n\u20ac10,50 gespart\u20ac40,45 *** statt** **\n\u20ac15,45 gespart\u20ac79,40 * \u20ac63,95 stattWirkstoff: Turnera diffusa Trit. D4.\n**Nicorette Spray\u00ae\n1 St\u00fcck\n\u20ac11,00 gespart\u20ac39,95 * \u20ac28,95 statt**Nicorette 4 mg\u00ae\n30 Kaugummi\n\u20ac4,53 gespart\u20ac14,98 * \u20ac10,45 stattWirkstoff: Nikotin. Wirkstoff: Nikotin.\n**Nicorette 2 mg\u00ae\n30 Kaugummi\n\u20ac4,53 gespart\u20ac14,98 * \u20ac10,45 stattWirkstoff: Nikotin.\nfruit & mint\nGeschmack\nF\u00fcr Tiere\n**Amflee combo Katze\u00ae\n3 Pipetten\n\u20ac6,00 gespart\u20ac19,85 *** \u20ac13,85 stattAmflee combo Hund\u00ae\nL: 20-40 kg M: 10-20 kg S: 2-10 kg\n\u20ac21,24 *** \u20ac14,85 statt \u20ac24,17 *** \u20ac16,85 statt \u20ac29,21 *** \u20ac20,45 statt\n\u20ac8,76 gespart \u20ac7,32 gespart \u20ac6,39 gespart**\nje 3 Pipetten\nIrrtum vorbehalten! + Solange der Vorrat reicht + ohne Gew\u00e4hr + handels\u00fcbliche Mengen\n*\u00dcblicher Apothekenverkaufspreis berechnet nach der Arzneimittelpreisverordnung ***Unverbindliche Preisempfehlung des Herstellers\n#Grundpreis **Zu Risiken und Nebenwirkungen lesen Sie die Packungsbeilage und fragen Sie Ihren Arzt oder Apotheker. 18Schwangerschaft und Stillzeit\n**Folio 1 forte\u00ae\n120 Tabletten\n\u20ac2,05 gespart\u20ac9,00 *** \u20ac6,95 statt\n**Eubos Haut Ruhe Lotion\u00ae\n125 ml\n**Frei\u00d6l Massage\u00f6l f\u00fcr Schwangere\u00ae\n100 ml\n\u20ac3,50 gespart\u20ac17,45 *** \u20ac13,95 statt\n**Clearblue Schwangerschaftstest\nmit Wochenbestimmung**Femibion Schwangerschaft 1\u00ae\n28 Kapseln**Femibion Schwangerschaft 2\u00ae\n2x28 Kapseln\n\u20ac8,04 gespart\u20ac36,99 *** \u20ac28,95 statt\n\u20ac6,04 gespart\u20ac27,99 *** \u20ac21,95 statt\n**Femibion Stillzeit\u00ae\n2x28 Kapseln\n\u20ac8,04 gespart\u20ac36,99 *** \u20ac28,95 statt\n\u20ac2,35 gespart\u20ac17,30 *** \u20ac14,95 statt\u20ac\n\u20ac11,96/100 ml\n13,84/100 ml #\nFerro sanol duodenal\u00ae\n50 Kapseln\n\u20ac4,53 gespart\u20ac14,48 * \u20ac9,95 statt**\nWirkstoff: Eisen(II)-glycin-sulfat-Komplex.\n\u20ac3,00 gespart\u20ac13,95 *** \u20ac10,95 statt\n**Weleda Calendula Wundschutzcreme\n40 ml\n\u20ac1,00 gespart\u20ac5,95 *** \u20ac4,95 statt\u20ac\n\u20ac12,38/100 ml\n14,88/100 ml #\n*\u00dcblicher Apothekenverkaufspreis berechnet nach der Arzneimittelpreisverordnung ***Unverbindliche Preisempfehlung des Herstellers\n#Grundpreis **Zu Risiken und Nebenwirkungen lesen Sie die Packungsbeilage und fragen Sie Ihren Arzt oder Apotheker.Irrtum vorbehalten! + Solange der Vorrat reicht + ohne Gew\u00e4hr + handels\u00fcbliche Mengen\n19Sch\u00fc\u00dfler-Salze\nDr. Sch\u00fc\u00dfler entdeckte w\u00e4hrend seines Medizinstudiums, dass der K\u00f6rper bzw. die Zellen nur dann gut funk-\ntionieren k\u00f6nnen, wenn 12 Mineralsalze in bestimmter Konzentration und Menge im K\u00f6rper vorhanden sind.\nDie Salze unterst\u00fctzen k\u00f6rperliche Funktionen, wirken regulierend, gleichen Fehlsteuerungen aus und ebnen\nso den Weg zur Besserung der unterschiedlichsten Beschwerden. Die Biochemie ist in jedem Alter einsetzbar\nund bietet auch f\u00fcr Laien eine heilsame M\u00f6glichkeit, St\u00f6rungen des k\u00f6rperlichen Gleichgewichts vorzu-\nbeugen sowie bei leichteren Beschwerden und Krankheiten Heilung zu erzielen. Bei starken Beschwerden\noder ausbleibenden Erfolgen sollte man sich in therapeutische Behandlung begeben. Die Sch\u00fc\u00dflersalze\nwerden als Tabletten und Salben angeboten. Die Tabletten entfalten ihre optimale Wirksamkeit, wenn man\nsie langsam im Mund zergehen l\u00e4sst.1\nQuellen: Deutsche Hom\u00f6opathie-Union, Bombastus-Werke AGNr. 1   Calcium fluoratum             Das Salz f\u00fcr die H\u00e4rte der Knochen und des Zahnschmelzes,\nf\u00fcr die Elastizit\u00e4t der Haut, der Gef\u00e4\u00dfe, der B\u00e4nder und Sehnen.1\nNr. 2   Calcium phosphoricum      Das Salz der Knochen und der Z\u00e4hne, f\u00fcr die Blutbildung, die\nEiwei\u00dfverdauung, die S\u00e4urebindung und zur St\u00e4rkung der\nNerven und K\u00f6rperkraft.1\nNr. 3   Ferrum phosphoricum       Das Salz f\u00fcr den Eisenhaushalt und die Aktivierung des Immun-\nsystems und die arterielle Durchblutung.1\nNr. 4   Kalium chloratum Das Salz f\u00fcr Schleimh\u00e4ute, Dr\u00fcsensekretion und die Entgiftung.1\nNr. 5   Kalium phosphoricum       Das Salz f\u00fcr die Nerven und die Energieversorgung.1\nNr. 6   Kalium sulfuricum Das Salz f\u00fcr den Sauerstoff in den Zellen und die Entschlackung.1\nNr. 7   Magnesium phosphor. Das Salz f\u00fcr die Entspannung von Muskeln und Nerven.1\nNr. 8   Natrium chloratum Das Salz f\u00fcr den Fl\u00fcssigkeitshaushalt, die Zellneubildung, den\nKnorpelaufbau und die Salzs\u00e4ureproduktion des Magens.1\nNr. 9   Natrium phosphoricum     Das Salz des Stoffwechsels, Ents\u00e4uerung und Eiwei\u00dfverdauung.1\nNr. 10 Natrium sulfuricum           Das Salz f\u00fcr die Entschlackung, Galle und Fl\u00fcssigkeitshaushalt.1\nNr. 11 Silicea                              Das Salz f\u00fcr Haut, N\u00e4gel, Haare und Knochen.1\nNr. 12 Calcium sulfuricum           Das Salz zur Reinigung der Schleimh\u00e4ute und Anregung des\nStoffwechsels, unterst\u00fctzt die Blutbildung.1\n1Bei der Anwendung eines hom\u00f6opathischen Arzneimittels k\u00f6nnen sich die vorhandenen Beschwerden\nvor\u00fcbergehend verschlimmern (Erstverschlimmerung). In diesem Fall sollten Sie das Arzneimittel absetzen\nund Ihren Arzt befragen.\nHom\u00f6opathie\n**Vertigoheel\u00ae\n250 Tabletten\n\u20ac9,37 gespart\u20ac37,32 * \u20ac27,95 statt**Traumeel S\u00ae\n50 Tabletten\n\u20ac3,70 gespart\u20ac12,05 * \u20ac8,35 statt**Neurexan\u00ae\n100 Tabletten\n\u20ac6,62 gespart\u20ac25,57 * \u20ac18,95 statt\n\u20ac5,90Biochemie Bombastus\nNr. 1 bis 12 in D6 oder D12\n\u20ac2,56 gespartstatt \u20ac8,46 ***\n200 TablettenBiochemie Bombastus\nNr. 1 bis 11 Salbe D6\n100 ml\n\u20ac11,50\n\u20ac2,66 gespartstatt \u20ac14,16 ***\nIrrtum vorbehalten! + Solange der Vorrat reicht + ohne Gew\u00e4hr + handels\u00fcbliche Mengen\n*\u00dcblicher Apothekenverkaufspreis berechnet nach der Arzneimittelpreisverordnung ***Unverbindliche Preisempfehlung des Herstellers\n#Grundpreis **Zu Risiken und Nebenwirkungen lesen Sie die Packungsbeilage und fragen Sie Ihren Arzt oder Apotheker. 20Natur hilft heilen\n**Tebonin intens 120mg\u00ae\n60 Tabletten\n\u20ac12,02 gespart\u20ac54,97 * \u20ac42,95 statt\n**Venoruton intens\u00ae\n50 Tabletten\n\u20ac9,15 gespart\u20ac30,50 * \u20ac21,35 stattWirkstoff: Ginkgo-biloba-Bl\u00e4tter-Trockenextrakt.\nWirkstoff: Oxerutin.\n**Ginkobil ratiopharm 120mg\u00ae\n120 Tabletten\n\u20ac27,48 gespart\u20ac90,98 *** \u20ac63,50 stattWirkstoff: Ginkgo-biloba-Bl\u00e4tter-Trockenextrakt.\nLioran centra\u00ae\n50 Dragees\n\u20ac4,85 gespart\u20ac24,80 * \u20ac19,95 statt**\nWirkstoff: Passionsblumenkraut-Trockenextrakt.\n**Antistax extra Venentabletten\u00ae\n60 St\u00fcck\n\u20ac12,47 gespart\u20ac40,97 * \u20ac28,50 stattWirkstoff: Trockenextrakt aus roten Weinrebenbl\u00e4ttern.\n**Teufelskralle ratiopharm\u00ae\n100 Tabletten\n\u20ac9,75 gespart\u20ac32,20 *** \u20ac22,45 stattWirkstoff: Teufelskrallenwurzel-Trockenextrakt.\n**Laif 900 Balance\u00ae\n60 Filmtabletten\n\u20ac9,03 gespart\u20ac40,98 * \u20ac31,95 stattWirkstoff: Johanniskraut-Trockenextrakt.\n**Antistax Frischgel\u00ae\n125 ml\n\u20ac8,76/100 ml #\nDauertiefstpreis\u20ac10,95\n**Crataegutt 450mg\u00ae\n100 Tabletten\n\u20ac9,00 gespart\u20ac38,95 * \u20ac29,95 stattWirkstoff: Wei\u00dfdornbl\u00e4tter mit Bl\u00fcten-Trockenextrakt.\n*\u00dcblicher Apothekenverkaufspreis berechnet nach der Arzneimittelpreisverordnung ***Unverbindliche Preisempfehlung des Herstellers\n#Grundpreis **Zu Risiken und Nebenwirkungen lesen Sie die Packungsbeilage und fragen Sie Ihren Arzt oder Apotheker.Irrtum vorbehalten! + Solange der Vorrat reicht + ohne Gew\u00e4hr + handels\u00fcbliche Mengen\n21Natur hilft heilen\n**Euminz\u00ae\n10 ml\n\u20ac3,33 gespart\u20ac10,98 * \u20ac7,65 statt**Lasea 80 mg\u00ae\n56 Weichkapseln\n\u20ac10,85 gespart\u20ac42,60 * \u20ac31,75 stattWirkstoff: Lavendel\u00f6l.\n\u20ac\n\u20ac76,50/100 ml\n109,80/100 ml #\nWirkstoff: Pfefferminz\u00f6l.**Orthomol nemuri night Spray\n25 ml\n\u20ac3,04 gespart\u20ac12,99 *** \u20ac9,95 statt\u20ac\n\u20ac39,80/100 ml\n51,96/100 ml #\nUnsere avesana Produkte\n**avesana A-Z komplett\n60 Tabletten\nDauertiefstpreis\u20ac7,95**avesana Vitamin C+Zink\n60 Depotkapseln\nDauertiefstpreis\u20ac5,95\navesana Salbeibonbons\n40 g = 20 Bonbons\nDauertiefstpreis\u20ac1,25zuckerfrei . \u20ac3,13/100 g #\n**avesana Vitamin-B komplett\n60 Kapseln\nDauertiefstpreis\u20ac9,95avesana Isl\u00e4ndisch Moos-Bonbons\nDauertiefstpreis\u20ac2,50zuckerfrei . \u20ac6,25/100 g #40 g = 20 Bonbons\n**Digitales Fieberthermometer\nDauertiefstpreis\u20ac3,95apotheken\nwww.avesana-apotheken.deDieser Katalog wurde herausgegeben von Patrick Kolbe(Inhaber der Apothek e im Gutshof e.K., Gutshof 2,01705 F reital O T Pesterwitz; Zwingli-Apothek e e.K., Zwinglistr a\u00dfe40,01277 Dresden; Apothek e Kesselsdorf e.K.,\nSteinbacher Weg 11, 01723 K esselsdorf und avesana Apothek e Laubegast e .K., Salzburger Str a\u00dfe 6f ,01279 Dresden), Sven Ullrich (Inhaber Apothek e Johannstadt, Sven Ullrich e .K., Pfotenhauerstra\u00dfe 41, 01307 Dresden)\nundSteffi Mattheus e.Kfr.(Inhaberin der Apothek e am Ei, Liebigstr a\u00dfe20-22, 01187 Dresden undder Sophien-Apothek e,Lockwitzer Str a\u00dfe9,01219 Dresden).\nDieserKatalogistg\u00fcltigab01.04.2022bis30.09.2022.MitErscheinendiesesKatalogesverlierenalleanderenKatalogeunddiedamitverbundenenKatalogpreiseihreG\u00fcltigkeit.\nDie Preise gelten nur w\u00e4hrend unserer \u00d6ffnungszeiten.oooooooooooooooooooooooooooooooooooooooooooooooImpressumavesana Apotheke Kesselsdorf\nSteinbacher Weg 11 - 01723 Kesselsdorf - Telefon: 035204/394222\nbehindertengerecht - Buslinie: 333 und Line F des RVD\navesana Apotheke im Gutshof\nGutshof 2 - 01705 Freital OT Pesterwitz  - Telefon: 0351/6585899\nbehindertengerecht - Buslinie: 90 der DVB, Linie C des RVD\navesana Apotheke am Ei\nLiebigstra\u00dfe 20-22 - 01187 Dresden - Telefon: 0351/4722941\nbehindertengerecht - Stra\u00dfenbahn: 8 - Buslinie: 61\navesana Apotheke Laubegast\nSalzburger Stra\u00dfe 6 f - 01279 Dresden - Telefon: 0351/2163617\nbehindertengerecht - Stra\u00dfenbahn: 4, 6 - Buslinie: 86\navesana Sophien-Apotheke\nLockwitzer Str. 9 - 01219 Dresden - Telefon: 0351/4519135\nbehindertengerecht - Stra\u00dfenbahn: 9, 13 - Buslinie: 61, 63, 75, 85\navesana Zwingli-Apotheke\nZwinglistra\u00dfe 40 - 01277 Dresden - Telefon: 0351/257690\nbehindertengerecht - Stra\u00dfenbahn: 1, 2 - Buslinien: 61, 64, 85\nHinweis: Filiale der Deutschen Post AG + Lotto-Annahmestelle\navesana Apotheke Johannstadt\nPfotenhauer Stra\u00dfe 41 - 01307 Dresden - Telefon: 0351/4495015\nbehindertengerecht - Buslinie: 62", "language": "PDF", "image": "PDF", "pagetype": "PDF", "links": "PDF"}