{"title": "Naturheilkunde Apotheke.de - Online Apotheke im Internet, g\u00fcnstige Medikamente kaufen in der Versandapotheke!", "author": "Versandapotheke apotheke de", "url": "https://www.apotheke.de/naturheilkunde-c-264", "hostname": "apotheke.de", "description": "Alternativ heilen mit Markenprodukten von Apotheke.de", "sitename": "apotheke.de", "date": "2015-02-12", "id": null, "license": null, "body": null, "comments": "", "commentsbody": null, "raw_text": null, "text": "Naturheilkunde\n[...mehr zu \"Naturheilkunde\" lesen...](https://www.apotheke.de/naturheilkunde-c-264#mehr_lesen) [\n18,55*\n13,19*\n](https://www.apotheke.de/bachblueten-original-rescura-tropfen-alkoholfrei-20ml-pzn-16391818) [\nPZN 16391818\n(GP*: 659,50\u20ac/1 l)\n](https://www.apotheke.de/bachblueten-original-rescura-tropfen-alkoholfrei-20ml-pzn-16391818) [\n](https://www.apotheke.de/bachblueten-original-rescura-tropfen-alkoholfrei-20ml-pzn-16391818)\n- Unterst\u00fctzt das emotionale Wohlbefinden und die innere Balance\n- Der ideale Wegbegleiter f\u00fcr an stressigen Tagen\n- Edward Bach's ber\u00fchmte Bach-Bl\u00fctenmischung, handgepfl\u00fcckt aus seinem Garten in England\n- Die Original Bach RESCURA\u2122 Mischung in der kultig gelben Flasche, bew\u00e4hrt seit \u00fcber 90 Jahren\nBestellungen die Mo-Fr bis 16:00 Uhr eingehen verlassen in der Regel noch am selben Tag unser Haus.\nDie Lieferzeit Ihrer Bestellung richtet sich nach dem Artikel mit der l\u00e4ngsten Lieferzeitangabe.\n[\n13,45*\n10,79*\n](https://www.apotheke.de/bachblueten-original-rescura-kids-tropfen-alkoholfrei-10ml-pzn-16391876) [\nPZN 16391876\n(GP*: 1079,00\u20ac/1 l)\n](https://www.apotheke.de/bachblueten-original-rescura-kids-tropfen-alkoholfrei-10ml-pzn-16391876) [\n](https://www.apotheke.de/bachblueten-original-rescura-kids-tropfen-alkoholfrei-10ml-pzn-16391876)\n- Unterst\u00fctzt das emotionale Wohlbefinden Ihres Kindes\n- Enth\u00e4lt Edward Bach's ber\u00fchmte Bach-Bl\u00fctenmischung\n- Handgepfl\u00fcckt aus England\n- Speziell f\u00fcr Kinder\nBestellungen die Mo-Fr bis 16:00 Uhr eingehen verlassen in der Regel noch am selben Tag unser Haus.\nDie Lieferzeit Ihrer Bestellung richtet sich nach dem Artikel mit der l\u00e4ngsten Lieferzeitangabe.\n[\n7,95*\n6,19*\n](https://www.apotheke.de/bachblueten-original-rescura-pastschwjohannisb-50g-pzn-16391729) [\nPZN 16391729\n(GP*: 123,80\u20ac/1 kg)\n](https://www.apotheke.de/bachblueten-original-rescura-pastschwjohannisb-50g-pzn-16391729) [\n](https://www.apotheke.de/bachblueten-original-rescura-pastschwjohannisb-50g-pzn-16391729)\n- Namenswechsel: Aus RESCUE wird RESCURA. Sonst \u00e4ndert sich nichts\n- Unterst\u00fctzt das emotionale Wohlbefinden und die innere Balance\n- Enth\u00e4lt Edward Bach's ber\u00fchmte Bach-Bl\u00fctenmischung\n- Handgepfl\u00fcckt aus England\n- Die Original Bach RESCURA\u2122 Mischung in einer fruchtigen Pastille\nBestellungen die Mo-Fr bis 16:00 Uhr eingehen verlassen in der Regel noch am selben Tag unser Haus.\nDie Lieferzeit Ihrer Bestellung richtet sich nach dem Artikel mit der l\u00e4ngsten Lieferzeitangabe.\n[\nHom\u00f6opathisch\n29,95*\n25,99*\n](https://www.apotheke.de/biochemie-pflueger-7-magnesium-phosphoricum-d6-tabletten-1000stk-pzn-06319352) [\nPZN 06319352\n](https://www.apotheke.de/biochemie-pflueger-7-magnesium-phosphoricum-d6-tabletten-1000stk-pzn-06319352) [\n](https://www.apotheke.de/biochemie-pflueger-7-magnesium-phosphoricum-d6-tabletten-1000stk-pzn-06319352)\n- Basissalz aus Magnesium phosphoricum D6\n- F\u00fcr verschiedenste Bereiche geeignet\nBestellungen die Mo-Fr bis 16:00 Uhr eingehen verlassen in der Regel noch am selben Tag unser Haus.\nDie Lieferzeit Ihrer Bestellung richtet sich nach dem Artikel mit der l\u00e4ngsten Lieferzeitangabe.\n[\nHom\u00f6opathisch\n15,90*\n12,49*\n](https://www.apotheke.de/biochemie-pflueger-11-silicea-d12-tabletten-400stk-pzn-06320042) [\nPZN 06320042\n](https://www.apotheke.de/biochemie-pflueger-11-silicea-d12-tabletten-400stk-pzn-06320042) [\n](https://www.apotheke.de/biochemie-pflueger-11-silicea-d12-tabletten-400stk-pzn-06320042)\n- Basissalz aus Silicea\n- f\u00f6rdert das Bindegewebe und das Nervengewebe\n- beg\u00fcnstigt sch\u00f6ne Haare, N\u00e4gel und Haut\n- f\u00fcr verschiedenste Bereiche geeignet\n- glutenfrei\nBestellungen die Mo-Fr bis 16:00 Uhr eingehen verlassen in der Regel noch am selben Tag unser Haus.\nDie Lieferzeit Ihrer Bestellung richtet sich nach dem Artikel mit der l\u00e4ngsten Lieferzeitangabe.\n[\n12,97*\n10,79*\n](https://www.apotheke.de/iberogast-classic-bei-funktionellen-magen-darm-beschwerden-20ml-pzn-16507534) [\nPZN 16507534\n(GP*: 539,50\u20ac/1 l)\n](https://www.apotheke.de/iberogast-classic-bei-funktionellen-magen-darm-beschwerden-20ml-pzn-16507534) [\n](https://www.apotheke.de/iberogast-classic-bei-funktionellen-magen-darm-beschwerden-20ml-pzn-16507534)\n- Bei akuten, situativ ausgel\u00f6sten Magen-Darm-Beschwerden, wie z. B. nach \u00fcppigem oder ungewohntem Essen oder auf Reisen\n- Umfassende Wirkung, da es an mehreren Stellen im Verdauungstrakt gleichzeitig ansetzt\n- Schnell und effektiv\n- Einzigartige Kombination aus 9 Heilpflanzenextrakten mit einem h\u00f6heren Anteil an Extrakten mit motilit\u00e4tsregulierenden Wirkeigenschaften\n- Ab 3 Jahren zugelassen\nBestellungen die Mo-Fr bis 16:00 Uhr eingehen verlassen in der Regel noch am selben Tag unser Haus.\nDie Lieferzeit Ihrer Bestellung richtet sich nach dem Artikel mit der l\u00e4ngsten Lieferzeitangabe.\n[\n163,33*\n79,99*\n](https://www.apotheke.de/orlistat-hexal-60mg-kapseln-3x84stk-pzn-11219049) [\nPZN 11219049\n](https://www.apotheke.de/orlistat-hexal-60mg-kapseln-3x84stk-pzn-11219049) [\n](https://www.apotheke.de/orlistat-hexal-60mg-kapseln-3x84stk-pzn-11219049)\n- Unterst\u00fctzt bei einer Di\u00e4t die Gewichtsreduktion\n- Bis zu 50 % mehr abnehmen\n- Bindet Nahrungsfette\n- Verhindert die Speicherung der Fette im K\u00f6rper\n- Ab 18 Jahren und einem BMI von mindestens 28 geeignet\nBestellungen die Mo-Fr bis 16:00 Uhr eingehen verlassen in der Regel noch am selben Tag unser Haus.\nDie Lieferzeit Ihrer Bestellung richtet sich nach dem Artikel mit der l\u00e4ngsten Lieferzeitangabe.\n[\nHom\u00f6opathisch\n43,99*\n42,99*\n](https://www.apotheke.de/restaxil-fluessig-50ml-pzn-11222324) [\nPZN 11222324\n(GP*: 859,80\u20ac/1 l)\n](https://www.apotheke.de/restaxil-fluessig-50ml-pzn-11222324) [\n](https://www.apotheke.de/restaxil-fluessig-50ml-pzn-11222324)\n- Bei Nervenschmerzen\n- Besonderes Wirkprinzip mit 5-fach-Komplex\n- Keine bekannten Neben- und Wechselwirkungen\nBestellungen die Mo-Fr bis 16:00 Uhr eingehen verlassen in der Regel noch am selben Tag unser Haus.\nDie Lieferzeit Ihrer Bestellung richtet sich nach dem Artikel mit der l\u00e4ngsten Lieferzeitangabe.\n[\nPflanzlich\n14,30*\n12,19*\n](https://www.apotheke.de/gelomyrtol-forte-der-pflanzliche-schleimloeser-20stk-pzn-01479157) [\nPZN 01479157\n](https://www.apotheke.de/gelomyrtol-forte-der-pflanzliche-schleimloeser-20stk-pzn-01479157) [\n](https://www.apotheke.de/gelomyrtol-forte-der-pflanzliche-schleimloeser-20stk-pzn-01479157)\n- Aktiviert die Selbstreinigung in den Atemwegen\n- Verbessert den Abtransport sch\u00e4dlicher Bakterien und Viren\n- Bei Sinusitis und Bronchitis mit Husten, Schnupfen, Druckkopfschmerz\nBestellungen die Mo-Fr bis 16:00 Uhr eingehen verlassen in der Regel noch am selben Tag unser Haus.\nDie Lieferzeit Ihrer Bestellung richtet sich nach dem Artikel mit der l\u00e4ngsten Lieferzeitangabe.\n[\n21,52*\n19,39*\n](https://www.apotheke.de/euphrasia-augentropfen-30x05ml-pzn-01448168) [\nPZN 01448168\n(GP*: 1292,66\u20ac/1 l)\n](https://www.apotheke.de/euphrasia-augentropfen-30x05ml-pzn-01448168) [\n](https://www.apotheke.de/euphrasia-augentropfen-30x05ml-pzn-01448168)\n- Bei gereizter und ger\u00f6teter Bindehaut\n- Bei ger\u00f6teter Bindehaut, tr\u00e4nenden, brennenden und juckenden Augen\n- F\u00fcr die Allergiesaison und f\u00fcr Kontaktlinsentr\u00e4ger geeignet\nBestellungen die Mo-Fr bis 16:00 Uhr eingehen verlassen in der Regel noch am selben Tag unser Haus.\nDie Lieferzeit Ihrer Bestellung richtet sich nach dem Artikel mit der l\u00e4ngsten Lieferzeitangabe.\n[\nHom\u00f6opathisch\n27,99*\n26,99*\n](https://www.apotheke.de/restaxil-fluessig-30ml-pzn-12895108) [\nPZN 12895108\n(GP*: 899,66\u20ac/1 l)\n](https://www.apotheke.de/restaxil-fluessig-30ml-pzn-12895108) [\n](https://www.apotheke.de/restaxil-fluessig-30ml-pzn-12895108)\n- bei Nervenschmerzen\n- Besonderes Wirkprinzip mit 5-fach-Komplex\n- keine bekannten Neben- und Wechselwirkungen\nBestellungen die Mo-Fr bis 16:00 Uhr eingehen verlassen in der Regel noch am selben Tag unser Haus.\nDie Lieferzeit Ihrer Bestellung richtet sich nach dem Artikel mit der l\u00e4ngsten Lieferzeitangabe.\n[\nPflanzlich\n76,95*\n68,99*\n](https://www.apotheke.de/angocin-anti-infekt-n-500stk-pzn-06892927) [\nPZN 06892927\n](https://www.apotheke.de/angocin-anti-infekt-n-500stk-pzn-06892927) [\n](https://www.apotheke.de/angocin-anti-infekt-n-500stk-pzn-06892927)\n- Kapuzinerkresse & Meerrettich \u2013 Erste Hilfe bei Bronchitis, Sinusitis und Blasenentz\u00fcndung\n- Pflanzliches Arzneimittel zur Infektabwehr\n- Wirkt gegen relevante Bakterien und Viren, sowie antientz\u00fcndlich\n- Wirksamkeit und Vertr\u00e4glichkeit in zahlreichen Studien belegt\n- Hohe Konzentration der Wirkstoffe (Senf\u00f6le) am Infektionsherd\n- Senf\u00f6le leisten einen aktiven Beitrag zur Reduktion von Antibiotikaresistenzen\nBestellungen die Mo-Fr bis 16:00 Uhr eingehen verlassen in der Regel noch am selben Tag unser Haus.\nDie Lieferzeit Ihrer Bestellung richtet sich nach dem Artikel mit der l\u00e4ngsten Lieferzeitangabe.\n[\n66,58*\n33,99*\n](https://www.apotheke.de/orlistat-hexal-60mg-84stk-pzn-08982497) [\nPZN 08982497\n](https://www.apotheke.de/orlistat-hexal-60mg-84stk-pzn-08982497) [\n](https://www.apotheke.de/orlistat-hexal-60mg-84stk-pzn-08982497)\n- Unterst\u00fctzt bei einer Di\u00e4t die Gewichtsreduktion\n- Bindet Nahrungsfette\n- Verhindert die Speicherung der Fette im K\u00f6rper\n- Ab 18 Jahren und einem BMI von mindestens 28 geeignet\nBestellungen die Mo-Fr bis 16:00 Uhr eingehen verlassen in der Regel noch am selben Tag unser Haus.\nDie Lieferzeit Ihrer Bestellung richtet sich nach dem Artikel mit der l\u00e4ngsten Lieferzeitangabe.\n[\n8,50*\n8,39*\n](https://www.apotheke.de/vomex-a-dragees-20stk-pzn-04274616) [\nPZN 04274616\n](https://www.apotheke.de/vomex-a-dragees-20stk-pzn-04274616) [\n](https://www.apotheke.de/vomex-a-dragees-20stk-pzn-04274616)\n- Zur Vorbeugung/ Pr\u00e4vention und Behandlung von \u00dcbelkeit und Erbrechen (insbesondere bei Reisekrankheit)\n- Wirkt schnell und zuverl\u00e4ssig f\u00fcr viele Stunden\n- Gut vertr\u00e4glich\nBestellungen die Mo-Fr bis 16:00 Uhr eingehen verlassen in der Regel noch am selben Tag unser Haus.\nDie Lieferzeit Ihrer Bestellung richtet sich nach dem Artikel mit der l\u00e4ngsten Lieferzeitangabe.\n[\nPflanzlich\n35,20*\n30,99*\n](https://www.apotheke.de/angocin-anti-infekt-n-200stk-pzn-06612767) [\nPZN 06612767\n](https://www.apotheke.de/angocin-anti-infekt-n-200stk-pzn-06612767) [\n](https://www.apotheke.de/angocin-anti-infekt-n-200stk-pzn-06612767)\n- Kapuzinerkresse & Meerrettich \u2013 Erste Hilfe bei Bronchitis, Sinusitis und Blasenentz\u00fcndung\n- Pflanzliches Arzneimittel zur Infektabwehr\n- Wirkt gegen relevante Bakterien und Viren, sowie antientz\u00fcndlich\n- Wirksamkeit und Vertr\u00e4glichkeit in zahlreichen Studien belegt\n- Hohe Konzentration der Wirkstoffe (Senf\u00f6le) am Infektionsherd\n- Senf\u00f6le leisten einen aktiven Beitrag zur Reduktion von Antibiotikaresistenzen\nBestellungen die Mo-Fr bis 16:00 Uhr eingehen verlassen in der Regel noch am selben Tag unser Haus.\nDie Lieferzeit Ihrer Bestellung richtet sich nach dem Artikel mit der l\u00e4ngsten Lieferzeitangabe.\n[\nPflanzlich\n32,76*\n25,99*\n](https://www.apotheke.de/neurapas-balance-100stk-pzn-01498143) [\nPZN 01498143\n](https://www.apotheke.de/neurapas-balance-100stk-pzn-01498143) [\n](https://www.apotheke.de/neurapas-balance-100stk-pzn-01498143)\n- Beruhigungstabletten bei innerer Unruhe und Spannungszust\u00e4nde\n- Mildert nervliche Ersch\u00f6pfung und \u00dcberlastung\n- Hilft bei depressive Verstimmungen\nBestellungen die Mo-Fr bis 16:00 Uhr eingehen verlassen in der Regel noch am selben Tag unser Haus.\nDie Lieferzeit Ihrer Bestellung richtet sich nach dem Artikel mit der l\u00e4ngsten Lieferzeitangabe.\n[\nPflanzlich\n49,90*\n44,99*\n](https://www.apotheke.de/gelomyrtol-forte-der-pflanzliche-schleimloeser-100stk-pzn-01479163) [\nPZN 01479163\n](https://www.apotheke.de/gelomyrtol-forte-der-pflanzliche-schleimloeser-100stk-pzn-01479163) [\n](https://www.apotheke.de/gelomyrtol-forte-der-pflanzliche-schleimloeser-100stk-pzn-01479163)\n- Aktiviert die Selbstreinigung in den Atemwegen\n- Verbessert den Abtransport sch\u00e4dlicher Bakterien und Viren\n- Bei Sinusitis und Bronchitis mit Husten, Schnupfen, Druckkopfschmerz\nBestellungen die Mo-Fr bis 16:00 Uhr eingehen verlassen in der Regel noch am selben Tag unser Haus.\nDie Lieferzeit Ihrer Bestellung richtet sich nach dem Artikel mit der l\u00e4ngsten Lieferzeitangabe.\n[\nPflanzlich\n39,40*\n33,99*\n](https://www.apotheke.de/umckaloabo-100ml-pzn-00930673) [\nPZN 00930673\n(GP*: 339,90\u20ac/1 l)\n](https://www.apotheke.de/umckaloabo-100ml-pzn-00930673) [\n](https://www.apotheke.de/umckaloabo-100ml-pzn-00930673)\n- Verst\u00e4rkt die Virenabwehr\n- Hemmt die Bakterienvermehrung\n- L\u00f6st z\u00e4hen Schleim\nBestellungen die Mo-Fr bis 16:00 Uhr eingehen verlassen in der Regel noch am selben Tag unser Haus.\nDie Lieferzeit Ihrer Bestellung richtet sich nach dem Artikel mit der l\u00e4ngsten Lieferzeitangabe.\n[\nPflanzlich\n44,99*\n35,99*\n](https://www.apotheke.de/laif-900-balance-filmtabletten-fuer-ihr-seelisches-gleichgewicht-60stk-pzn-02298937) [\nPZN 02298937\n](https://www.apotheke.de/laif-900-balance-filmtabletten-fuer-ihr-seelisches-gleichgewicht-60stk-pzn-02298937) [\n](https://www.apotheke.de/laif-900-balance-filmtabletten-fuer-ihr-seelisches-gleichgewicht-60stk-pzn-02298937)\n- F\u00f6rdern das Gleichgewicht von K\u00f6rper und Seele\n- Helfen bei Antriebslosigkeit, innerer Unruhe und seelisch bedingten Schlafst\u00f6rungen\n- Zweifache Wirkung: stimmungsaufhellend und ausgleichend\n- Einfache Einnahme: nur 1x t\u00e4glich\n- Machen nicht abh\u00e4ngig und tags\u00fcber nicht schl\u00e4frig\nBestellungen die Mo-Fr bis 16:00 Uhr eingehen verlassen in der Regel noch am selben Tag unser Haus.\nDie Lieferzeit Ihrer Bestellung richtet sich nach dem Artikel mit der l\u00e4ngsten Lieferzeitangabe.\n[\nHom\u00f6opathisch\n26,35*\n21,99*\n](https://www.apotheke.de/neurexan-bei-schlafstoerungen-und-nervoeser-innerer-unruhe-100stk-pzn-04115272) [\nPZN 04115272\n](https://www.apotheke.de/neurexan-bei-schlafstoerungen-und-nervoeser-innerer-unruhe-100stk-pzn-04115272) [\n](https://www.apotheke.de/neurexan-bei-schlafstoerungen-und-nervoeser-innerer-unruhe-100stk-pzn-04115272)\n- Wirkt schnell und gezielt bei Unruhezust\u00e4nden und Stress\n- Erleichtert das Ein- und Durchschlafen\n- Nat\u00fcrliches Arzneimittel\n- Keine sedierenden Nebenwirkungen wie Konzentrationsschw\u00e4chen und M\u00fcdigkeit\n- Kein Hangover-Effekt\nBestellungen die Mo-Fr bis 16:00 Uhr eingehen verlassen in der Regel noch am selben Tag unser Haus.\nDie Lieferzeit Ihrer Bestellung richtet sich nach dem Artikel mit der l\u00e4ngsten Lieferzeitangabe.\n[\nPflanzlich\n44,95*\n38,99*\n](https://www.apotheke.de/lasea-56stk-pzn-05489632) [\nPZN 05489632\n](https://www.apotheke.de/lasea-56stk-pzn-05489632) [\n](https://www.apotheke.de/lasea-56stk-pzn-05489632)\n- Spezieller Wirkstoff aus Arzneilavendel\n- Macht weder abh\u00e4ngig noch tags\u00fcber m\u00fcde\n- Beruhigt und verbessert den Schlaf (Schlafst\u00f6rungen, die aus innerer Unruhe und Angstgef\u00fchlen resultieren)\nBestellungen die Mo-Fr bis 16:00 Uhr eingehen verlassen in der Regel noch am selben Tag unser Haus.\nDie Lieferzeit Ihrer Bestellung richtet sich nach dem Artikel mit der l\u00e4ngsten Lieferzeitangabe.\n[\n64,13*\n37,99*\n](https://www.apotheke.de/macrogol-hexal-plus-elektrolyte-100stk-pzn-08875442) [\nPZN 08875442\n](https://www.apotheke.de/macrogol-hexal-plus-elektrolyte-100stk-pzn-08875442) [\n](https://www.apotheke.de/macrogol-hexal-plus-elektrolyte-100stk-pzn-08875442)\n- Bei chronischer Verstopfung (schlechter Stuhlgang)\n- Einfache Anwendung, gute Vertr\u00e4glichkeit\n- Angenehmer Geschmack\n- Plus Elektrolyte\nBestellungen die Mo-Fr bis 16:00 Uhr eingehen verlassen in der Regel noch am selben Tag unser Haus.\nDie Lieferzeit Ihrer Bestellung richtet sich nach dem Artikel mit der l\u00e4ngsten Lieferzeitangabe.\n[\n49,27*\n40,99*\n](https://www.apotheke.de/wobenzym-magensaftresistente-tabletten-100stk-pzn-13751831) [\nPZN 13751831\n](https://www.apotheke.de/wobenzym-magensaftresistente-tabletten-100stk-pzn-13751831) [\n](https://www.apotheke.de/wobenzym-magensaftresistente-tabletten-100stk-pzn-13751831)\n- Hilft bei Entz\u00fcndungen\n- Bei schmerzhafter Arthrose\n- Wirkt abschwellend und entz\u00fcndungsregulierend\n- Hohe Enzymaktivit\u00e4t\n- F\u00fcr Muskeln und Gelenke\nBestellungen die Mo-Fr bis 16:00 Uhr eingehen verlassen in der Regel noch am selben Tag unser Haus.\nDie Lieferzeit Ihrer Bestellung richtet sich nach dem Artikel mit der l\u00e4ngsten Lieferzeitangabe.\n[\n22,99*\n21,99*\n](https://www.apotheke.de/lindaven-mischung-bei-haemorrhoiden-30ml-pzn-14264872) [\nPZN 14264872\n(GP*: 733,00\u20ac/1 l)\n](https://www.apotheke.de/lindaven-mischung-bei-haemorrhoiden-30ml-pzn-14264872) [\n](https://www.apotheke.de/lindaven-mischung-bei-haemorrhoiden-30ml-pzn-14264872)\n- H\u00e4morrhoiden wirksam bek\u00e4mpfen\n- In Tropfenform einfach anzuwenden\n- Mit f\u00fcnf bew\u00e4hrten Wirkstoffen\n- Gegen Brennen, Juckreiz oder N\u00e4ssen\nBestellungen die Mo-Fr bis 16:00 Uhr eingehen verlassen in der Regel noch am selben Tag unser Haus.\nDie Lieferzeit Ihrer Bestellung richtet sich nach dem Artikel mit der l\u00e4ngsten Lieferzeitangabe.\n[\n37,99*\n37,99*\n](https://www.apotheke.de/rubaxx-arthro-mischung-50ml-pzn-15617516) [\nPZN 15617516\n(GP*: 759,80\u20ac/1 l)\n](https://www.apotheke.de/rubaxx-arthro-mischung-50ml-pzn-15617516) [\n](https://www.apotheke.de/rubaxx-arthro-mischung-50ml-pzn-15617516)\n- Bek\u00e4mpft speziell Arthrose\n- Wirksam & gut vertr\u00e4glich\n- Individuell dosierbar\nBestellungen die Mo-Fr bis 16:00 Uhr eingehen verlassen in der Regel noch am selben Tag unser Haus.\nDie Lieferzeit Ihrer Bestellung richtet sich nach dem Artikel mit der l\u00e4ngsten Lieferzeitangabe.\n[\nHom\u00f6opathisch\n39,57*\n38,99*\n](https://www.apotheke.de/vertigoheel-arzneimittel-gegen-viele-formen-von-schwindel-250stk-pzn-01088971) [\nPZN 01088971\n](https://www.apotheke.de/vertigoheel-arzneimittel-gegen-viele-formen-von-schwindel-250stk-pzn-01088971) [\n](https://www.apotheke.de/vertigoheel-arzneimittel-gegen-viele-formen-von-schwindel-250stk-pzn-01088971)\n- Reduziert nachweislich Intensit\u00e4t, Anzahl und Dauer der Schwindelattacken\n- F\u00fcr mehr Sicherheit und Lebensqualit\u00e4t\n- Ist dabei besonders gut vertr\u00e4glich\nBestellungen die Mo-Fr bis 16:00 Uhr eingehen verlassen in der Regel noch am selben Tag unser Haus.\nDie Lieferzeit Ihrer Bestellung richtet sich nach dem Artikel mit der l\u00e4ngsten Lieferzeitangabe.\n[\nPflanzlich\n23,70*\n17,59*\n](https://www.apotheke.de/umckaloabo-50ml-pzn-01062049) [\nPZN 01062049\n(GP*: 351,80\u20ac/1 l)\n](https://www.apotheke.de/umckaloabo-50ml-pzn-01062049) [\n](https://www.apotheke.de/umckaloabo-50ml-pzn-01062049)\n- Verst\u00e4rkt die Virenabwehr\n- Hemmt die Bakterienvermehrung\n- L\u00f6st z\u00e4hen Schleim\nBestellungen die Mo-Fr bis 16:00 Uhr eingehen verlassen in der Regel noch am selben Tag unser Haus.\nDie Lieferzeit Ihrer Bestellung richtet sich nach dem Artikel mit der l\u00e4ngsten Lieferzeitangabe.\n[\nHom\u00f6opathisch\n35,69*\n30,99*\n](https://www.apotheke.de/strophanthus-hevert-tropfen-100ml-pzn-02767585) [\nPZN 02767585\n(GP*: 309,90\u20ac/1 l)\n](https://www.apotheke.de/strophanthus-hevert-tropfen-100ml-pzn-02767585) [\n](https://www.apotheke.de/strophanthus-hevert-tropfen-100ml-pzn-02767585)\n- Hom\u00f6opathisches Arzneimittel\n- Bei nerv\u00f6s bedingten St\u00f6rungen der Herzleistung und des Herzrhythmus\nBestellungen die Mo-Fr bis 16:00 Uhr eingehen verlassen in der Regel noch am selben Tag unser Haus.\nDie Lieferzeit Ihrer Bestellung richtet sich nach dem Artikel mit der l\u00e4ngsten Lieferzeitangabe.\n[\nHom\u00f6opathisch\n59,20*\n52,99*\n](https://www.apotheke.de/neurexan-bei-schlafstoerungen-und-nervoeser-innerer-unruhe-250stk-pzn-04115289) [\nPZN 04115289\n](https://www.apotheke.de/neurexan-bei-schlafstoerungen-und-nervoeser-innerer-unruhe-250stk-pzn-04115289) [\n](https://www.apotheke.de/neurexan-bei-schlafstoerungen-und-nervoeser-innerer-unruhe-250stk-pzn-04115289)\n- Wirkt schnell und gezielt bei Unruhezust\u00e4nden und Stress\n- Erleichtert das Ein- und Durchschlafen\n- Nat\u00fcrliches Arzneimittel\n- Keine sedierenden Nebenwirkungen wie Konzentrationsschw\u00e4chen und M\u00fcdigkeit\n- Kein Hangover-Effekt\nBestellungen die Mo-Fr bis 16:00 Uhr eingehen verlassen in der Regel noch am selben Tag unser Haus.\nDie Lieferzeit Ihrer Bestellung richtet sich nach dem Artikel mit der l\u00e4ngsten Lieferzeitangabe.\n[\n16,28*\n15,99*\n](https://www.apotheke.de/aconit-schmerzoel-100ml-pzn-01448576) [\nPZN 01448576\n(GP*: 159,90\u20ac/1 l)\n](https://www.apotheke.de/aconit-schmerzoel-100ml-pzn-01448576) [\n](https://www.apotheke.de/aconit-schmerzoel-100ml-pzn-01448576)\n- Anregung des W\u00e4rmeorganismus\n- Bei schmerzhaften entz\u00fcndlichen Erkrankungen\n- Rein pflanzlich\nBestellungen die Mo-Fr bis 16:00 Uhr eingehen verlassen in der Regel noch am selben Tag unser Haus.\nDie Lieferzeit Ihrer Bestellung richtet sich nach dem Artikel mit der l\u00e4ngsten Lieferzeitangabe.\n[\nHom\u00f6opathisch\n52,69*\n39,99*\n](https://www.apotheke.de/traumeel-s-wieder-fit-fuer-sport-und-alltag-250stk-pzn-03515294) [\nPZN 03515294\n](https://www.apotheke.de/traumeel-s-wieder-fit-fuer-sport-und-alltag-250stk-pzn-03515294) [\n](https://www.apotheke.de/traumeel-s-wieder-fit-fuer-sport-und-alltag-250stk-pzn-03515294)\n- Traumeel ist ein nat\u00fcrliches, sicheres Arzneimittel\n- Optimal aufeinander abgestimmte Wirkstoffe\n- Besonders effektiv als starkes Duo aus Tabletten und Creme\n- Traumeel S sollte in keiner Hausapotheke fehlen\nBestellungen die Mo-Fr bis 16:00 Uhr eingehen verlassen in der Regel noch am selben Tag unser Haus.\nDie Lieferzeit Ihrer Bestellung richtet sich nach dem Artikel mit der l\u00e4ngsten Lieferzeitangabe.\n[\nPflanzlich\n19,85*\n17,49*\n](https://www.apotheke.de/angocin-anti-infekt-n-100stk-pzn-06892910) [\nPZN 06892910\n](https://www.apotheke.de/angocin-anti-infekt-n-100stk-pzn-06892910) [\n](https://www.apotheke.de/angocin-anti-infekt-n-100stk-pzn-06892910)\n- Kapuzinerkresse & Meerrettich \u2013 Erste Hilfe bei Bronchitis, Sinusitis und Blasenentz\u00fcndung\n- Pflanzliches Arzneimittel zur Infektabwehr\n- Wirkt gegen relevante Bakterien und Viren, sowie antientz\u00fcndlich\n- Wirksamkeit und Vertr\u00e4glichkeit in zahlreichen Studien belegt\n- Hohe Konzentration der Wirkstoffe (Senf\u00f6le) am Infektionsherd\n- Senf\u00f6le leisten einen aktiven Beitrag zur Reduktion von Antibiotikaresistenzen\nBestellungen die Mo-Fr bis 16:00 Uhr eingehen verlassen in der Regel noch am selben Tag unser Haus.\nDie Lieferzeit Ihrer Bestellung richtet sich nach dem Artikel mit der l\u00e4ngsten Lieferzeitangabe.\n[\n13,45*\n12,39*\n](https://www.apotheke.de/bachblueten-original-rescura-pets-tropfen-alkoholfrei-10ml-pzn-16391899) [\nPZN 16391899\n(GP*: 1239,00\u20ac/1 l)\n](https://www.apotheke.de/bachblueten-original-rescura-pets-tropfen-alkoholfrei-10ml-pzn-16391899) [\n](https://www.apotheke.de/bachblueten-original-rescura-pets-tropfen-alkoholfrei-10ml-pzn-16391899)\n- Unterst\u00fctzt das emotionale Wohlbefinden Ihres Tieres\n- Enth\u00e4lt Edward Bach's ber\u00fchmte Bach-Bl\u00fctenmischung\n- Handgepfl\u00fcckt aus England\n- Bew\u00e4hrt seit \u00fcber 90 Jahren\nBestellungen die Mo-Fr bis 16:00 Uhr eingehen verlassen in der Regel noch am selben Tag unser Haus.\nDie Lieferzeit Ihrer Bestellung richtet sich nach dem Artikel mit der l\u00e4ngsten Lieferzeitangabe.\n[\nHom\u00f6opathisch\n21,98*\n14,89*\n](https://www.apotheke.de/sinusitis-hevert-sl-tabletten-100stk-pzn-02785005) [\nPZN 02785005\n](https://www.apotheke.de/sinusitis-hevert-sl-tabletten-100stk-pzn-02785005) [\n](https://www.apotheke.de/sinusitis-hevert-sl-tabletten-100stk-pzn-02785005)\n- Hom\u00f6opathisches Arzneimittel\n- Bei Entz\u00fcndungen des Hals-Nasen-Rachenraumes und der Nasennebenh\u00f6hlen(Sinusitis)\nBestellungen die Mo-Fr bis 16:00 Uhr eingehen verlassen in der Regel noch am selben Tag unser Haus.\nDie Lieferzeit Ihrer Bestellung richtet sich nach dem Artikel mit der l\u00e4ngsten Lieferzeitangabe.\n[\nHom\u00f6opathisch\n22,55*\n16,79*\n](https://www.apotheke.de/metavirulent-tropfen-zum-einnehmen-100ml-pzn-01358258) [\nPZN 01358258\n(GP*: 167,90\u20ac/1 l)\n](https://www.apotheke.de/metavirulent-tropfen-zum-einnehmen-100ml-pzn-01358258) [\n](https://www.apotheke.de/metavirulent-tropfen-zum-einnehmen-100ml-pzn-01358258)\n- Hom\u00f6opathisches Arzneimittel\n- Bei Erk\u00e4ltungen\n- F\u00fcr eine ganzheitliche Behandlung\nBestellungen die Mo-Fr bis 16:00 Uhr eingehen verlassen in der Regel noch am selben Tag unser Haus.\nDie Lieferzeit Ihrer Bestellung richtet sich nach dem Artikel mit der l\u00e4ngsten Lieferzeitangabe.\n[\nHom\u00f6opathisch\n13,19*\n9,49*\n](https://www.apotheke.de/meditonsin-tropfen-35g-pzn-10192710) [\nPZN 10192710\n(GP*: 271,14\u20ac/1 kg)\n](https://www.apotheke.de/meditonsin-tropfen-35g-pzn-10192710) [\n](https://www.apotheke.de/meditonsin-tropfen-35g-pzn-10192710)\n- Bei Erk\u00e4ltungen, grippalen Infekten, Halsschmerzen und Schnupfen\n- Fr\u00fchzeitig eingenommen, kann Meditonsin weitere Symptome vorbeugen\n- Schnelle und effektive Linderung der Beschwerden\n- Auch kombinierbar mit Antibiotika Schmerz- und Fiebermitteln\n- F\u00fcr Kinder ab 1 Jahr, Jugendliche und Erwachsene\nBestellungen die Mo-Fr bis 16:00 Uhr eingehen verlassen in der Regel noch am selben Tag unser Haus.\nDie Lieferzeit Ihrer Bestellung richtet sich nach dem Artikel mit der l\u00e4ngsten Lieferzeitangabe.\n[\n47,95*\n41,99*\n](https://www.apotheke.de/femiloges-fuer-die-wechseljahre-90stk-pzn-16815885) [\nPZN 16815885\n](https://www.apotheke.de/femiloges-fuer-die-wechseljahre-90stk-pzn-16815885) [\n](https://www.apotheke.de/femiloges-fuer-die-wechseljahre-90stk-pzn-16815885)\n- Bei Wechseljahresbeschwerden\n- Lindert Beschwerden wie z. B. Hitzewallungen, Schwei\u00dfausbr\u00fcche und Schlafst\u00f6rungen\n- Mit Rhapontikrhabarberwurzel-Trockenextrakt\n- Pflanzliches Arzneimittel\nBestellungen die Mo-Fr bis 16:00 Uhr eingehen verlassen in der Regel noch am selben Tag unser Haus.\nDie Lieferzeit Ihrer Bestellung richtet sich nach dem Artikel mit der l\u00e4ngsten Lieferzeitangabe.\n[\nHom\u00f6opathisch\n13,40*\n10,99*\n](https://www.apotheke.de/notakehl-d5-tropfen-10ml-pzn-03207115) [\nPZN 03207115\n(GP*: 1099,00\u20ac/1 l)\n](https://www.apotheke.de/notakehl-d5-tropfen-10ml-pzn-03207115) [\n](https://www.apotheke.de/notakehl-d5-tropfen-10ml-pzn-03207115)\n- H\u00f6m\u00f6opathisches Arzneimittel\n- Arzneimittel zur F\u00f6rderung der mikrobiellen Balance im K\u00f6rper (SANUM-Therapie)\n- Tropfen zum Einnehmen und/oder Einreiben\n- Bei bakteriellen Infektionen und Entz\u00fcndungen\nBestellungen die Mo-Fr bis 16:00 Uhr eingehen verlassen in der Regel noch am selben Tag unser Haus.\nDie Lieferzeit Ihrer Bestellung richtet sich nach dem Artikel mit der l\u00e4ngsten Lieferzeitangabe.\n[\nHom\u00f6opathisch\n14,95*\n11,89*\n](https://www.apotheke.de/neurexan-bei-schlafstoerungen-und-nervoeser-innerer-unruhe-50stk-pzn-04143009) [\nPZN 04143009\n](https://www.apotheke.de/neurexan-bei-schlafstoerungen-und-nervoeser-innerer-unruhe-50stk-pzn-04143009) [\n](https://www.apotheke.de/neurexan-bei-schlafstoerungen-und-nervoeser-innerer-unruhe-50stk-pzn-04143009)\n- Wirkt schnell und gezielt bei Unruhezust\u00e4nden und Stress\n- Erleichtert das Ein- und Durchschlafen\n- Nat\u00fcrliches Arzneimittel\n- Keine sedierenden Nebenwirkungen wie Konzentrationsschw\u00e4chen und M\u00fcdigkeit\n- Kein Hangover-Effekt\nBestellungen die Mo-Fr bis 16:00 Uhr eingehen verlassen in der Regel noch am selben Tag unser Haus.\nDie Lieferzeit Ihrer Bestellung richtet sich nach dem Artikel mit der l\u00e4ngsten Lieferzeitangabe.\n[\n17,49*\n13,79*\n](https://www.apotheke.de/vitamin-d3-hevert-2000-ie-tabletten-120stk-pzn-11295441) [\nPZN 11295441\n(GP*: 957,63\u20ac/1 kg)\n](https://www.apotheke.de/vitamin-d3-hevert-2000-ie-tabletten-120stk-pzn-11295441) [\n](https://www.apotheke.de/vitamin-d3-hevert-2000-ie-tabletten-120stk-pzn-11295441)\n- Versorgt den K\u00f6rper mit Vitamin D\n- Tr\u00e4gt zur einer normalen Funktion des Immunsystems bei\nBestellungen die Mo-Fr bis 16:00 Uhr eingehen verlassen in der Regel noch am selben Tag unser Haus.\nDie Lieferzeit Ihrer Bestellung richtet sich nach dem Artikel mit der l\u00e4ngsten Lieferzeitangabe.\n[\nHom\u00f6opathisch\n18,39*\n18,29*\n](https://www.apotheke.de/vertigoheel-arzneimittel-gegen-viele-formen-von-schwindel-100stk-pzn-06979686) [\nPZN 06979686\n](https://www.apotheke.de/vertigoheel-arzneimittel-gegen-viele-formen-von-schwindel-100stk-pzn-06979686) [\n](https://www.apotheke.de/vertigoheel-arzneimittel-gegen-viele-formen-von-schwindel-100stk-pzn-06979686)\n- Reduziert nachweislich Intensit\u00e4t, Anzahl und Dauer der Schwindelattacken\n- reduziert nachweislich Intensit\u00e4t, Anzahl und Dauer der Schwindelattacken\n- F\u00fcr mehr Sicherheit und Lebensqualit\u00e4t\n- Ist dabei besonders gut vertr\u00e4glich\nBestellungen die Mo-Fr bis 16:00 Uhr eingehen verlassen in der Regel noch am selben Tag unser Haus.\nDie Lieferzeit Ihrer Bestellung richtet sich nach dem Artikel mit der l\u00e4ngsten Lieferzeitangabe.\n[\n12,97*\n9,29*\n](https://www.apotheke.de/infludoron-streukuegelchen-10g-pzn-09647424) [\nPZN 09647424\n(GP*: 929,00\u20ac/1 kg)\n](https://www.apotheke.de/infludoron-streukuegelchen-10g-pzn-09647424) [\n](https://www.apotheke.de/infludoron-streukuegelchen-10g-pzn-09647424)\n- wirksame Abwehr bei Erk\u00e4ltung\n- zur Behandlung eines grippalen Infekts und bei fieberhaften Erk\u00e4ltungen\n- ab dem S\u00e4uglingsalter geeignet\n- beruhigt trockene und gereizte Schleimh\u00e4ute\nBestellungen die Mo-Fr bis 16:00 Uhr eingehen verlassen in der Regel noch am selben Tag unser Haus.\nDie Lieferzeit Ihrer Bestellung richtet sich nach dem Artikel mit der l\u00e4ngsten Lieferzeitangabe.\n[\n19,99*\n18,99*\n](https://www.apotheke.de/perenterol-forte-250mg-20stk-pzn-04796869) [\nPZN 04796869\n](https://www.apotheke.de/perenterol-forte-250mg-20stk-pzn-04796869) [\n](https://www.apotheke.de/perenterol-forte-250mg-20stk-pzn-04796869)\n- Zur Vorbeugung und bei akutem Durchfall\n- F\u00fcr Erwachsene und Kinder ab 2 Jahre\n- Stabilisierung der Darmflora\nBestellungen die Mo-Fr bis 16:00 Uhr eingehen verlassen in der Regel noch am selben Tag unser Haus.\nDie Lieferzeit Ihrer Bestellung richtet sich nach dem Artikel mit der l\u00e4ngsten Lieferzeitangabe.\n[\nHom\u00f6opathisch\n38,99*\n38,99*\n](https://www.apotheke.de/taumea-tropfen-50ml-pzn-07241190) [\nPZN 07241190\n(GP*: 779,80\u20ac/1 l)\n](https://www.apotheke.de/taumea-tropfen-50ml-pzn-07241190) [\n](https://www.apotheke.de/taumea-tropfen-50ml-pzn-07241190)\n- hilfreich bei Schwindel und Begleiterscheinungen\n- l\u00f6st das Schwindelgef\u00fchl\n- lindert \u00dcbelkeit, Kopfschmerzen, Benommenheit und Angstgef\u00fchle\n- wirkt ohne bekannte Nebenwirkungen\nBestellungen die Mo-Fr bis 16:00 Uhr eingehen verlassen in der Regel noch am selben Tag unser Haus.\nDie Lieferzeit Ihrer Bestellung richtet sich nach dem Artikel mit der l\u00e4ngsten Lieferzeitangabe.\n[\n26,47*\n20,99*\n](https://www.apotheke.de/vitamin-d3-hevert-4000-internationale-einheiten-tabletten-90stk-pzn-11295470) [\nPZN 11295470\n(GP*: 1166,11\u20ac/1 kg)\n](https://www.apotheke.de/vitamin-d3-hevert-4000-internationale-einheiten-tabletten-90stk-pzn-11295470) [\n](https://www.apotheke.de/vitamin-d3-hevert-4000-internationale-einheiten-tabletten-90stk-pzn-11295470)\n- Power-Vitamin f\u00fcr Knochen, Immunabwehr und Vitalit\u00e4t\n- Versorgt den K\u00f6rper mit der erforderlichen Menge an Vitamin D\n- Mangelerscheinungen und Folgen kann vorgebeugt werden\nBestellungen die Mo-Fr bis 16:00 Uhr eingehen verlassen in der Regel noch am selben Tag unser Haus.\nDie Lieferzeit Ihrer Bestellung richtet sich nach dem Artikel mit der l\u00e4ngsten Lieferzeitangabe.\n[\n23,95*\n21,99*\n](https://www.apotheke.de/chi-cafe-classic-aromatischer-wellness-kaffee-guarana-400g-pzn-05036379) [\nPZN 05036379\n(GP*: 54,97\u20ac/1 kg)\n](https://www.apotheke.de/chi-cafe-classic-aromatischer-wellness-kaffee-guarana-400g-pzn-05036379) [\n](https://www.apotheke.de/chi-cafe-classic-aromatischer-wellness-kaffee-guarana-400g-pzn-05036379)\n- Gut f\u00fcr Verdauung und Darm, Z\u00e4hne und Knochen1)\n- 2 Tassen liefern 9 g Ballaststoffe aus der Akazienfaser\n- Nat\u00fcrliches Calcium, Reishi-Pilz und Ginseng\n- Vegan, ohne Zusatzstoffe, Zucker, Fett, Gluten und Laktose\n- 400 g (66 Tassen)\nBestellungen die Mo-Fr bis 16:00 Uhr eingehen verlassen in der Regel noch am selben Tag unser Haus.\nDie Lieferzeit Ihrer Bestellung richtet sich nach dem Artikel mit der l\u00e4ngsten Lieferzeitangabe.\n[\nHom\u00f6opathisch\n32,97*\n24,99*\n](https://www.apotheke.de/meditonsin-tropfen-2x50g-pzn-10192733) [\nPZN 10192733\n(GP*: 249,90\u20ac/1 kg)\n](https://www.apotheke.de/meditonsin-tropfen-2x50g-pzn-10192733) [\n](https://www.apotheke.de/meditonsin-tropfen-2x50g-pzn-10192733)\n- Bei Erk\u00e4ltungen, grippalen Infekten, Halsschmerzen und Schnupfen\n- Fr\u00fchzeitig eingenommen, kann Meditonsin weitere Symptome vorbeugen\n- Schnelle und effektive Linderung der Beschwerden\n- Auch kombinierbar mit Antibiotika Schmerz- und Fiebermitteln\n- F\u00fcr Kinder ab 1 Jahr, Jugendliche und Erwachsene\nBestellungen die Mo-Fr bis 16:00 Uhr eingehen verlassen in der Regel noch am selben Tag unser Haus.\nDie Lieferzeit Ihrer Bestellung richtet sich nach dem Artikel mit der l\u00e4ngsten Lieferzeitangabe.\n[\n6,63*\n6,29*\n](https://www.apotheke.de/euphrasia-augentropfen-5x05ml-pzn-01448174) [\nPZN 01448174\n(GP*: 2516,00\u20ac/1 l)\n](https://www.apotheke.de/euphrasia-augentropfen-5x05ml-pzn-01448174) [\n](https://www.apotheke.de/euphrasia-augentropfen-5x05ml-pzn-01448174)\n- Bei gereizter und ger\u00f6teter Bindehaut\n- Bei ger\u00f6teter Bindehaut, tr\u00e4nenden, brennenden und juckenden Augen\n- F\u00fcr die Allergiesaison und f\u00fcr Kontaktlinsentr\u00e4ger geeignet\nBestellungen die Mo-Fr bis 16:00 Uhr eingehen verlassen in der Regel noch am selben Tag unser Haus.\nDie Lieferzeit Ihrer Bestellung richtet sich nach dem Artikel mit der l\u00e4ngsten Lieferzeitangabe.\nNaturheilverfahren erfreuen sich in der Bev\u00f6lkerung einer steigenden Beliebtheit. Alternativ heilen Sie mit Hom\u00f6opathie-Mitteln aus Ihrer Online-Apotheke apotheke.de. Wir haben Ihnen in dieser Kategorie die wichtigsten Produkte zu Hom\u00f6opathie und Naturheilverfahren zusammengestellt, wozu beispielsweise\n[Sch\u00fc\u00dfler Salze](https://www.apotheke.de/bombastus-c-341) und [Bachbl\u00fcten](https://www.apotheke.de/bach-blueten-c-384) z\u00e4hlen. Die Hom\u00f6opathie, die von Samuel Hahnemann entwickelt wurde, erblickte im 19. Jahrhundert das Licht der Welt. Ihr Grundsatz lautet: \u00c4hnliches wird durch \u00c4hnliches geheilt. Gerade bei kleineren Alltagsbeschwerden, wie zum Beispiel Husten, Schnupfen oder auch Regelbeschwerden bei Frauen, k\u00f6nnen Hom\u00f6opathie-Mittel erstaunliche Ergebnisse erzielen.\nNeben einem breiten Sortiment an klassischen Medikamenten und Arzneimitteln bietet Ihnen apotheke.de hom\u00f6opathische Mittel bekannter Marken in bester Qualit\u00e4t. Bestellen Sie in Ihrer Online-Apotheke g\u00fcnstig und bequem von zuhause aus Hom\u00f6opathie-Mittel als Tabletten, Globuli, Tropfen oder Cremes. Sollten Sie Fragen zur Zusammensetzung unserer hom\u00f6opathischen Produkte haben, gibt Ihnen die pharmazeutische Beratung telefonisch gerne Auskunft. Oder aber Sie schreiben uns \u00fcber das Kontaktformular bzw. treten \u00fcber unseren Live-Chat mit uns in Verbindung. Hom\u00f6opathie-Mittel, die mit dem Zusatz \"24h Lieferzeit\" versehen sind, erhalten Sie innerhalb eines Tages zugestellt. So sparen Sie nicht nur bares Geld, sondern auch den Weg zu Ihrer Apotheke vor Ort. Kaufen Sie jetzt Hom\u00f6opathie Medikamente und Arzneimittel online in Ihrer Versandapotheke apotheke.de und nehmen Sie die Naturprodukte innerhalb von 24 Stunden in Empfang.", "language": null, "image": "https://www.apotheke.de/templates/apotheke_de/img/layout/shop_logo_open_graph.png", "pagetype": "website", "links": ["https://www.apotheke.de/", "https://www.apotheke.de/login.php", "https://www.apotheke.de/password_double_opt.php", null, "https://www.apotheke.de/login.php", "https://www.apotheke.de/sicherheitsserver", "https://www.apotheke.de/kontakt", "https://www.apotheke.de/team", "https://www.apotheke.de/markenprodukte-apodiscounterde-c-3020", "https://www.apotheke.de/beschwerdefrei-c-3034", "https://www.apotheke.de/gesunde-ernaehrung-c-3035", "https://www.apotheke.de/kosmetik-c-3038", "https://www.apotheke.de/hausapotheke-c-3037", "https://www.apotheke.de/gratis-aktionen-c-1905", "https://www.apotheke.de/aktionspakete-c-2090", "https://www.apotheke.de/gratiszugaben-c-2057", "https://www.apotheke.de/knallerpreise-c-2203", "https://www.apotheke.de/neu-im-sortiment-c-699", "https://www.apotheke.de/erkaeltung-immunsystem-c-261", "https://www.apotheke.de/erkaeltungspakete-c-3760", "https://www.apotheke.de/grippe-erkaeltung-allgemein-c-423", "https://www.apotheke.de/erkaeltung-c-280", "https://www.apotheke.de/halsschmerzen-c-281", "https://www.apotheke.de/husten-c-282", "https://www.apotheke.de/fiebermittel-c-4102", "https://www.apotheke.de/nebenhoehlenentzuendung-c-586", "https://www.apotheke.de/schnupfen-c-283", "https://www.apotheke.de/erkaeltung-vorbeugen-c-571", "https://www.apotheke.de/grippe-medikamente-c-3805", "https://www.apotheke.de/vegan-vegetarisch-c-2425", "https://www.apotheke.de/vegan-c-2426", "https://www.apotheke.de/vegetarisch-c-2427", "https://www.apotheke.de/fit-und-schlank-c-257", "https://www.apotheke.de/abnehmen-c-273", "https://www.apotheke.de/entschlackung-c-557", "https://www.apotheke.de/sportlernahrung-c-2315", "https://www.apotheke.de/superfoods-c-742", "https://www.apotheke.de/supplemente-c-271", "https://www.apotheke.de/rauchentwoehnung-c-272", "https://www.apotheke.de/augen-ohren-c-259", "https://www.apotheke.de/augen-c-397", "https://www.apotheke.de/ohrgesundheit-c-403", "https://www.apotheke.de/haut-und-haar-c-263", "https://www.apotheke.de/fusspflege-c-554", "https://www.apotheke.de/haarausfall-c-327", "https://www.apotheke.de/haut-haare-naegel-c-1141", "https://www.apotheke.de/hautpflege-c-548", "https://www.apotheke.de/laeuse-co-c-556", "https://www.apotheke.de/lippenherpes-c-290", "https://www.apotheke.de/pilzerkrankung-c-329", "https://www.apotheke.de/warzen-c-330", "https://www.apotheke.de/wundheilung-c-328", "https://www.apotheke.de/cortisonsalbe-c-3326", "https://www.apotheke.de/kraetze-behandlung-c-4056", "https://www.apotheke.de/magen-und-darm-c-266", "https://www.apotheke.de/abfuehrmittel-c-4144", "https://www.apotheke.de/blaehungen-und-voellegefuehl-c-305", "https://www.apotheke.de/darmsanierung-produkte-c-5049", "https://www.apotheke.de/durchfall-c-306", "https://www.apotheke.de/erbrechen-und-belkeit-c-2137", "https://www.apotheke.de/haemorrhoiden-c-307", "https://www.apotheke.de/laktoseintoleranz-c-2066", "https://www.apotheke.de/leberschutz-c-407", "https://www.apotheke.de/magen-darm-grippe-c-3806", "https://www.apotheke.de/probiotik-c-2513", "https://www.apotheke.de/sodbrennen-c-308", "https://www.apotheke.de/verdauung-c-309", "https://www.apotheke.de/verstopfung-c-310", "https://www.apotheke.de/schmerzmittel-c-269", "https://www.apotheke.de/schmerzmittel-allgemein-c-434", "https://www.apotheke.de/schmerzmittel-bei-entzuendungen-c-314", "https://www.apotheke.de/schmerzmittel-gelenke-ruecken-c-582", "https://www.apotheke.de/kopfschmerzen-c-572", "https://www.apotheke.de/ohrenschmerzen-c-315", "https://www.apotheke.de/regelschmerzen-c-466", "https://www.apotheke.de/schmerzmittel-wirkstoffe-c-460", "https://www.apotheke.de/schmerzmittel-beliebte-produkte-c-3853", "https://www.apotheke.de/zahnschmerzen-c-319", "https://www.apotheke.de/schmerzmittel-marken-c-1776", "https://www.apotheke.de/familie-c-260", "https://www.apotheke.de/familie-allgemein-c-422", "https://www.apotheke.de/baby-und-kind-c-276", "https://www.apotheke.de/frau-und-mutter-c-535", "https://www.apotheke.de/gesunde-naschereien-c-515", "https://www.apotheke.de/schwangerschaftstest-c-278", "https://www.apotheke.de/sex-lifestyle-c-1526", "https://www.apotheke.de/stillzeit-c-3790", "https://www.apotheke.de/tee-c-2327", "https://www.apotheke.de/verhuetung-c-279", "https://www.apotheke.de/kosmetik-und-pflege-c-265", "https://www.apotheke.de/koerperpflege-c-299", "https://www.apotheke.de/naturkosmetik-c-4137", "https://www.apotheke.de/gesichtspflege-c-294", "https://www.apotheke.de/babypflege-c-439", "https://www.apotheke.de/maennerpflege-c-2495", "https://www.apotheke.de/sonnenschutz-c-300", "https://www.apotheke.de/schwangerschaft-c-277", "https://www.apotheke.de/wellness-c-443", "https://www.apotheke.de/schoenheit-von-innen-c-3477", "https://www.apotheke.de/kosmetikmarken-c-1775", "https://www.apotheke.de/tierversuchsfreie-kosmetik-c-4080", "https://www.apotheke.de/muskeln-und-gelenke-c-268", "https://www.apotheke.de/gelenke-allgemein-c-433", "https://www.apotheke.de/arthrose-gelenke-c-478", "https://www.apotheke.de/bandagen-c-3817", "https://www.apotheke.de/gelenke-ruecken-c-2202", "https://www.apotheke.de/muskelkraempfe-c-480", "https://www.apotheke.de/osteoporose-c-481", "https://www.apotheke.de/prellung-zerrung-verstauchung-c-479", "https://www.apotheke.de/rheumatische-erkrankung-c-477", "https://www.apotheke.de/vital-und-mineralstoffe-c-270", "https://www.apotheke.de/aufbaupraeparate-c-1140", "https://www.apotheke.de/ernaehrungsmedizin-c-322", "https://www.apotheke.de/lebensqualitaet-c-324", "https://www.apotheke.de/mineralstoffe-c-2640", "https://www.apotheke.de/multivitamine-c-321", "https://www.apotheke.de/vitamine-allgemein-c-435", "https://www.apotheke.de/zu-den-marken-c-1145", "https://www.apotheke.de/antioxidantien-c-3528", "https://www.apotheke.de/herz-und-kreislauf-c-588", "https://www.apotheke.de/arterielle-durchblutungsstoerung-c-589", "https://www.apotheke.de/blutarmut-c-593", "https://www.apotheke.de/diabetes-c-2059", "https://www.apotheke.de/erhoehte-blutfette-c-592", "https://www.apotheke.de/gedaechtnis-konzentration-c-2064", "https://www.apotheke.de/herz-staerken-c-274", "https://www.apotheke.de/kreislauf-unterstuetzen-c-590", "https://www.apotheke.de/medizinische-geraete-blutdruck-c-472", "https://www.apotheke.de/venenerkrankung-c-591", "https://www.apotheke.de/herz-kreislauf-zubehoer-c-2457", "https://www.apotheke.de/allergie-c-258", "https://www.apotheke.de/allerg-bindehautentzuendung-c-559", "https://www.apotheke.de/allergietabletten-und-tropfen-c-388", "https://www.apotheke.de/allergische-hauterkrankung-c-558", "https://www.apotheke.de/allergischer-schnupfen-c-560", "https://www.apotheke.de/allergie-pakete-und-kombipackungen-c-394", "https://www.apotheke.de/allergie-wirkstoffe-c-5035", "https://www.apotheke.de/allergiesaft-c-4053", "https://www.apotheke.de/harnwege-blase-c-594", "https://www.apotheke.de/blasenentzuendung-c-2549", "https://www.apotheke.de/blasenprobleme-c-595", "https://www.apotheke.de/entwaesserung-c-596", "https://www.apotheke.de/inkontinenz-c-597", "https://www.apotheke.de/prostatabeschwerden-c-598", "https://www.apotheke.de/naturheilkunde-c-264", "https://www.apotheke.de/naturheilkunde-hersteller-c-415", "https://www.apotheke.de/a-pflueger-gmbh-co-kg-c-339", "https://www.apotheke.de/bach-blueten-c-384", "https://www.apotheke.de/bombastus-c-341", "https://www.apotheke.de/dhu-schuessler-salze-c-379", "https://www.apotheke.de/heel-gmbh-c-2089", "https://www.apotheke.de/hevert-arzneimittel-c-2086", "https://www.apotheke.de/hexal-phyto-c-2307", "https://www.apotheke.de/wala-heilmittel-gmbh-c-2085", "https://www.apotheke.de/pflanzlich-abnehmen-c-372", "https://www.apotheke.de/pflanzliche-allergiemittel-c-371", "https://www.apotheke.de/pflanzliche-augenmittel-c-380", "https://www.apotheke.de/pflanzlich-baby-und-kind-c-370", "https://www.apotheke.de/entschlackung-c-376", "https://www.apotheke.de/pflanzliche-erkaeltungsmittel-c-369", "https://www.apotheke.de/pflanzliche-mittel-hauterkrankungen-c-378", "https://www.apotheke.de/pflanzlich-magen-darm-c-2087", "https://www.apotheke.de/pflanzlich-muskeln-und-gelenke-c-374", "https://www.apotheke.de/pflanzlich-nerven-beruhigung-c-2088", "https://www.apotheke.de/pflanzliche-ohrentropfen-c-381", "https://www.apotheke.de/pflanzlich-schwindel-uebelkeit-c-375", "https://www.apotheke.de/pflanzlich-taschenapotheke-c-414", "https://www.apotheke.de/pflanzlich-wechseljahre-c-377", "https://www.apotheke.de/stimmungsaufheller-c-4055", "https://www.apotheke.de/reise-und-hausapotheke-c-262", "https://www.apotheke.de/reiseapotheke-augen-c-483", "https://www.apotheke.de/reiseapotheke-beruhigung-und-schlaf-c-505", "https://www.apotheke.de/reiseapotheke-durchfall-c-499", "https://www.apotheke.de/reiseapotheke-erkaeltung-grippe-c-494", "https://www.apotheke.de/insektenschutz-c-509", "https://www.apotheke.de/reiseapotheke-mund-c-491", "https://www.apotheke.de/reiseapotheke-ohren-c-488", "https://www.apotheke.de/reisekrankheit-c-508", "https://www.apotheke.de/reiseapotheke-schmerzen-fieber-c-511", "https://www.apotheke.de/sonnenbrand-insektenstich-c-510", "https://www.apotheke.de/sonnenschutz-c-512", "https://www.apotheke.de/taschenapotheken-c-340", "https://www.apotheke.de/wundversorgung-c-502", "https://www.apotheke.de/tierarznei-c-1231", "https://www.apotheke.de/medikamente-fuer-hunde-c-1532", "https://www.apotheke.de/medikamente-fuer-katzen-c-1531", "https://www.apotheke.de/selbsttest-c-3612", "https://www.apotheke.de/corona-test-c-6001", "https://www.apotheke.de/alkoholtest-drogentest-c-3613", "https://www.apotheke.de/hiv-selbsttest-c-3761", "https://www.apotheke.de/blutzuckertest-c-3617", "https://www.apotheke.de/cholesterin-test-c-3622", "https://www.apotheke.de/darmkrebs-test-c-3623", "https://www.apotheke.de/urintest-stuhltest-c-3624", "https://www.apotheke.de/test-unvertraeglichkeiten-c-3625", "https://www.apotheke.de/schwangerschafts-ovulationstest-c-3629", "https://www.apotheke.de/sonstige-tests-c-3630", "https://www.apotheke.de/krankenpflege-c-3893", "https://www.apotheke.de/aufbaunahrung-c-3914", "https://www.apotheke.de/einnahmehilfen-c-3917", "https://www.apotheke.de/handschuhe-mundschutz-c-3931", "https://www.apotheke.de/desinfektion-c-500", "https://www.apotheke.de/pflegeboxen-c-5002", "https://www.apotheke.de/pflegeboxen-c-5002", "https://www.apotheke.de/", "https://www.apotheke.de/naturheilkunde-hersteller-c-415", "https://www.apotheke.de/pflanzlich-abnehmen-c-372", "https://www.apotheke.de/pflanzliche-allergiemittel-c-371", "https://www.apotheke.de/pflanzliche-augenmittel-c-380", "https://www.apotheke.de/pflanzlich-baby-und-kind-c-370", "https://www.apotheke.de/entschlackung-c-376", "https://www.apotheke.de/pflanzliche-erkaeltungsmittel-c-369", "https://www.apotheke.de/pflanzliche-mittel-hauterkrankungen-c-378", "https://www.apotheke.de/pflanzlich-magen-darm-c-2087", "https://www.apotheke.de/pflanzlich-muskeln-und-gelenke-c-374", "https://www.apotheke.de/pflanzlich-nerven-beruhigung-c-2088", "https://www.apotheke.de/pflanzliche-ohrentropfen-c-381", "https://www.apotheke.de/pflanzlich-schwindel-uebelkeit-c-375", "https://www.apotheke.de/pflanzlich-taschenapotheke-c-414", "https://www.apotheke.de/pflanzlich-wechseljahre-c-377", "https://www.apotheke.de/stimmungsaufheller-c-4055", "https://www.apotheke.de/naturheilkunde-c-264?layout=list", "javascript:void(0);", "javascript:void(0);", "javascript:void(0);", "javascript:void(0);", "javascript:void(0);", "javascript:void(0);", "javascript:void(0);", "javascript:void(0);", "javascript:void(0);", "javascript:void(0);", "https://www.apotheke.de/naturheilkunde-c-264#mehr_lesen", "https://www.apotheke.de/bachblueten-original-rescura-tropfen-alkoholfrei-20ml-pzn-16391818", "https://www.apotheke.de/bachblueten-original-rescura-tropfen-alkoholfrei-20ml-pzn-16391818", "https://www.apotheke.de/bachblueten-original-rescura-tropfen-alkoholfrei-20ml-pzn-16391818", "https://www.apotheke.de/bachblueten-original-rescura-tropfen-alkoholfrei-20ml-pzn-16391818/erfahrungen", "https://www.apotheke.de/bachblueten-original-rescura-tropfen-alkoholfrei-20ml-pzn-16391818", "https://www.apotheke.de/bachblueten-original-rescura-tropfen-alkoholfrei-20ml-pzn-16391818", "https://www.apotheke.de/bachblueten-original-rescura-kids-tropfen-alkoholfrei-10ml-pzn-16391876", "https://www.apotheke.de/bachblueten-original-rescura-kids-tropfen-alkoholfrei-10ml-pzn-16391876", "https://www.apotheke.de/bachblueten-original-rescura-kids-tropfen-alkoholfrei-10ml-pzn-16391876", "https://www.apotheke.de/bachblueten-original-rescura-kids-tropfen-alkoholfrei-10ml-pzn-16391876/erfahrungen", "https://www.apotheke.de/bachblueten-original-rescura-kids-tropfen-alkoholfrei-10ml-pzn-16391876", "https://www.apotheke.de/bachblueten-original-rescura-kids-tropfen-alkoholfrei-10ml-pzn-16391876", "https://www.apotheke.de/bachblueten-original-rescura-pastschwjohannisb-50g-pzn-16391729", "https://www.apotheke.de/bachblueten-original-rescura-pastschwjohannisb-50g-pzn-16391729", "https://www.apotheke.de/bachblueten-original-rescura-pastschwjohannisb-50g-pzn-16391729", "https://www.apotheke.de/bachblueten-original-rescura-pastschwjohannisb-50g-pzn-16391729/erfahrungen", "https://www.apotheke.de/bachblueten-original-rescura-pastschwjohannisb-50g-pzn-16391729", "https://www.apotheke.de/bachblueten-original-rescura-pastschwjohannisb-50g-pzn-16391729", "https://www.apotheke.de/biochemie-pflueger-7-magnesium-phosphoricum-d6-tabletten-1000stk-pzn-06319352", "https://www.apotheke.de/biochemie-pflueger-7-magnesium-phosphoricum-d6-tabletten-1000stk-pzn-06319352", "https://www.apotheke.de/biochemie-pflueger-7-magnesium-phosphoricum-d6-tabletten-1000stk-pzn-06319352", "https://www.apotheke.de/biochemie-pflueger-7-magnesium-phosphoricum-d6-tabletten-1000stk-pzn-06319352/erfahrungen", "https://www.apotheke.de/biochemie-pflueger-7-magnesium-phosphoricum-d6-tabletten-1000stk-pzn-06319352", "https://www.apotheke.de/biochemie-pflueger-7-magnesium-phosphoricum-d6-tabletten-1000stk-pzn-06319352", "https://www.apotheke.de/biochemie-pflueger-11-silicea-d12-tabletten-400stk-pzn-06320042", "https://www.apotheke.de/biochemie-pflueger-11-silicea-d12-tabletten-400stk-pzn-06320042", "https://www.apotheke.de/biochemie-pflueger-11-silicea-d12-tabletten-400stk-pzn-06320042", "https://www.apotheke.de/biochemie-pflueger-11-silicea-d12-tabletten-400stk-pzn-06320042/erfahrungen", "https://www.apotheke.de/biochemie-pflueger-11-silicea-d12-tabletten-400stk-pzn-06320042", "https://www.apotheke.de/biochemie-pflueger-11-silicea-d12-tabletten-400stk-pzn-06320042", "https://www.apotheke.de/iberogast-classic-bei-funktionellen-magen-darm-beschwerden-20ml-pzn-16507534", "https://www.apotheke.de/iberogast-classic-bei-funktionellen-magen-darm-beschwerden-20ml-pzn-16507534", "https://www.apotheke.de/iberogast-classic-bei-funktionellen-magen-darm-beschwerden-20ml-pzn-16507534", "https://www.apotheke.de/iberogast-classic-bei-funktionellen-magen-darm-beschwerden-20ml-pzn-16507534/erfahrungen", "https://www.apotheke.de/iberogast-classic-bei-funktionellen-magen-darm-beschwerden-20ml-pzn-16507534", "https://www.apotheke.de/iberogast-classic-bei-funktionellen-magen-darm-beschwerden-20ml-pzn-16507534", "https://www.apotheke.de/orlistat-hexal-60mg-kapseln-3x84stk-pzn-11219049", "https://www.apotheke.de/orlistat-hexal-60mg-kapseln-3x84stk-pzn-11219049", "https://www.apotheke.de/orlistat-hexal-60mg-kapseln-3x84stk-pzn-11219049", "https://www.apotheke.de/orlistat-hexal-60mg-kapseln-3x84stk-pzn-11219049/erfahrungen", "https://www.apotheke.de/orlistat-hexal-60mg-kapseln-3x84stk-pzn-11219049", "https://www.apotheke.de/orlistat-hexal-60mg-kapseln-3x84stk-pzn-11219049", "https://www.apotheke.de/restaxil-fluessig-50ml-pzn-11222324", "https://www.apotheke.de/restaxil-fluessig-50ml-pzn-11222324", "https://www.apotheke.de/restaxil-fluessig-50ml-pzn-11222324", "https://www.apotheke.de/restaxil-fluessig-50ml-pzn-11222324/erfahrungen", "https://www.apotheke.de/restaxil-fluessig-50ml-pzn-11222324", "https://www.apotheke.de/restaxil-fluessig-50ml-pzn-11222324", "https://www.apotheke.de/gelomyrtol-forte-der-pflanzliche-schleimloeser-20stk-pzn-01479157", "https://www.apotheke.de/gelomyrtol-forte-der-pflanzliche-schleimloeser-20stk-pzn-01479157", "https://www.apotheke.de/gelomyrtol-forte-der-pflanzliche-schleimloeser-20stk-pzn-01479157", "https://www.apotheke.de/gelomyrtol-forte-der-pflanzliche-schleimloeser-20stk-pzn-01479157/erfahrungen", "https://www.apotheke.de/gelomyrtol-forte-der-pflanzliche-schleimloeser-20stk-pzn-01479157", "https://www.apotheke.de/gelomyrtol-forte-der-pflanzliche-schleimloeser-20stk-pzn-01479157", "https://www.apotheke.de/euphrasia-augentropfen-30x05ml-pzn-01448168", "https://www.apotheke.de/euphrasia-augentropfen-30x05ml-pzn-01448168", "https://www.apotheke.de/euphrasia-augentropfen-30x05ml-pzn-01448168", "https://www.apotheke.de/euphrasia-augentropfen-30x05ml-pzn-01448168/erfahrungen", "https://www.apotheke.de/euphrasia-augentropfen-30x05ml-pzn-01448168", "https://www.apotheke.de/euphrasia-augentropfen-30x05ml-pzn-01448168", "https://www.apotheke.de/restaxil-fluessig-30ml-pzn-12895108", "https://www.apotheke.de/restaxil-fluessig-30ml-pzn-12895108", "https://www.apotheke.de/restaxil-fluessig-30ml-pzn-12895108", "https://www.apotheke.de/restaxil-fluessig-30ml-pzn-12895108/erfahrungen", "https://www.apotheke.de/restaxil-fluessig-30ml-pzn-12895108", "https://www.apotheke.de/restaxil-fluessig-30ml-pzn-12895108", "https://www.apotheke.de/angocin-anti-infekt-n-500stk-pzn-06892927", "https://www.apotheke.de/angocin-anti-infekt-n-500stk-pzn-06892927", "https://www.apotheke.de/angocin-anti-infekt-n-500stk-pzn-06892927", "https://www.apotheke.de/angocin-anti-infekt-n-500stk-pzn-06892927/erfahrungen", "https://www.apotheke.de/angocin-anti-infekt-n-500stk-pzn-06892927", "https://www.apotheke.de/angocin-anti-infekt-n-500stk-pzn-06892927", "https://www.apotheke.de/orlistat-hexal-60mg-84stk-pzn-08982497", "https://www.apotheke.de/orlistat-hexal-60mg-84stk-pzn-08982497", "https://www.apotheke.de/orlistat-hexal-60mg-84stk-pzn-08982497", "https://www.apotheke.de/orlistat-hexal-60mg-84stk-pzn-08982497/erfahrungen", "https://www.apotheke.de/orlistat-hexal-60mg-84stk-pzn-08982497", "https://www.apotheke.de/orlistat-hexal-60mg-84stk-pzn-08982497", "https://www.apotheke.de/vomex-a-dragees-20stk-pzn-04274616", "https://www.apotheke.de/vomex-a-dragees-20stk-pzn-04274616", "https://www.apotheke.de/vomex-a-dragees-20stk-pzn-04274616", "https://www.apotheke.de/vomex-a-dragees-20stk-pzn-04274616/erfahrungen", "https://www.apotheke.de/vomex-a-dragees-20stk-pzn-04274616", "https://www.apotheke.de/vomex-a-dragees-20stk-pzn-04274616", "https://www.apotheke.de/angocin-anti-infekt-n-200stk-pzn-06612767", "https://www.apotheke.de/angocin-anti-infekt-n-200stk-pzn-06612767", "https://www.apotheke.de/angocin-anti-infekt-n-200stk-pzn-06612767", "https://www.apotheke.de/angocin-anti-infekt-n-200stk-pzn-06612767/erfahrungen", "https://www.apotheke.de/angocin-anti-infekt-n-200stk-pzn-06612767", "https://www.apotheke.de/angocin-anti-infekt-n-200stk-pzn-06612767", "https://www.apotheke.de/neurapas-balance-100stk-pzn-01498143", "https://www.apotheke.de/neurapas-balance-100stk-pzn-01498143", "https://www.apotheke.de/neurapas-balance-100stk-pzn-01498143", "https://www.apotheke.de/neurapas-balance-100stk-pzn-01498143/erfahrungen", "https://www.apotheke.de/neurapas-balance-100stk-pzn-01498143", "https://www.apotheke.de/neurapas-balance-100stk-pzn-01498143", "https://www.apotheke.de/gelomyrtol-forte-der-pflanzliche-schleimloeser-100stk-pzn-01479163", "https://www.apotheke.de/gelomyrtol-forte-der-pflanzliche-schleimloeser-100stk-pzn-01479163", "https://www.apotheke.de/gelomyrtol-forte-der-pflanzliche-schleimloeser-100stk-pzn-01479163", "https://www.apotheke.de/gelomyrtol-forte-der-pflanzliche-schleimloeser-100stk-pzn-01479163/erfahrungen", "https://www.apotheke.de/gelomyrtol-forte-der-pflanzliche-schleimloeser-100stk-pzn-01479163", "https://www.apotheke.de/gelomyrtol-forte-der-pflanzliche-schleimloeser-100stk-pzn-01479163", "https://www.apotheke.de/umckaloabo-100ml-pzn-00930673", "https://www.apotheke.de/umckaloabo-100ml-pzn-00930673", "https://www.apotheke.de/umckaloabo-100ml-pzn-00930673", "https://www.apotheke.de/umckaloabo-100ml-pzn-00930673/erfahrungen", "https://www.apotheke.de/umckaloabo-100ml-pzn-00930673", "https://www.apotheke.de/umckaloabo-100ml-pzn-00930673", "https://www.apotheke.de/laif-900-balance-filmtabletten-fuer-ihr-seelisches-gleichgewicht-60stk-pzn-02298937", "https://www.apotheke.de/laif-900-balance-filmtabletten-fuer-ihr-seelisches-gleichgewicht-60stk-pzn-02298937", "https://www.apotheke.de/laif-900-balance-filmtabletten-fuer-ihr-seelisches-gleichgewicht-60stk-pzn-02298937", "https://www.apotheke.de/laif-900-balance-filmtabletten-fuer-ihr-seelisches-gleichgewicht-60stk-pzn-02298937/erfahrungen", "https://www.apotheke.de/laif-900-balance-filmtabletten-fuer-ihr-seelisches-gleichgewicht-60stk-pzn-02298937", "https://www.apotheke.de/laif-900-balance-filmtabletten-fuer-ihr-seelisches-gleichgewicht-60stk-pzn-02298937", "https://www.apotheke.de/neurexan-bei-schlafstoerungen-und-nervoeser-innerer-unruhe-100stk-pzn-04115272", "https://www.apotheke.de/neurexan-bei-schlafstoerungen-und-nervoeser-innerer-unruhe-100stk-pzn-04115272", "https://www.apotheke.de/neurexan-bei-schlafstoerungen-und-nervoeser-innerer-unruhe-100stk-pzn-04115272", "https://www.apotheke.de/neurexan-bei-schlafstoerungen-und-nervoeser-innerer-unruhe-100stk-pzn-04115272/erfahrungen", "https://www.apotheke.de/neurexan-bei-schlafstoerungen-und-nervoeser-innerer-unruhe-100stk-pzn-04115272", "https://www.apotheke.de/neurexan-bei-schlafstoerungen-und-nervoeser-innerer-unruhe-100stk-pzn-04115272", "https://www.apotheke.de/lasea-56stk-pzn-05489632", "https://www.apotheke.de/lasea-56stk-pzn-05489632", "https://www.apotheke.de/lasea-56stk-pzn-05489632", "https://www.apotheke.de/lasea-56stk-pzn-05489632/erfahrungen", "https://www.apotheke.de/lasea-56stk-pzn-05489632", "https://www.apotheke.de/lasea-56stk-pzn-05489632", "https://www.apotheke.de/macrogol-hexal-plus-elektrolyte-100stk-pzn-08875442", "https://www.apotheke.de/macrogol-hexal-plus-elektrolyte-100stk-pzn-08875442", "https://www.apotheke.de/macrogol-hexal-plus-elektrolyte-100stk-pzn-08875442", "https://www.apotheke.de/macrogol-hexal-plus-elektrolyte-100stk-pzn-08875442/erfahrungen", "https://www.apotheke.de/macrogol-hexal-plus-elektrolyte-100stk-pzn-08875442", "https://www.apotheke.de/macrogol-hexal-plus-elektrolyte-100stk-pzn-08875442", "https://www.apotheke.de/wobenzym-magensaftresistente-tabletten-100stk-pzn-13751831", "https://www.apotheke.de/wobenzym-magensaftresistente-tabletten-100stk-pzn-13751831", "https://www.apotheke.de/wobenzym-magensaftresistente-tabletten-100stk-pzn-13751831", "https://www.apotheke.de/wobenzym-magensaftresistente-tabletten-100stk-pzn-13751831", "https://www.apotheke.de/wobenzym-magensaftresistente-tabletten-100stk-pzn-13751831", "https://www.apotheke.de/lindaven-mischung-bei-haemorrhoiden-30ml-pzn-14264872", "https://www.apotheke.de/lindaven-mischung-bei-haemorrhoiden-30ml-pzn-14264872", "https://www.apotheke.de/lindaven-mischung-bei-haemorrhoiden-30ml-pzn-14264872", "https://www.apotheke.de/lindaven-mischung-bei-haemorrhoiden-30ml-pzn-14264872/erfahrungen", "https://www.apotheke.de/lindaven-mischung-bei-haemorrhoiden-30ml-pzn-14264872", "https://www.apotheke.de/lindaven-mischung-bei-haemorrhoiden-30ml-pzn-14264872", "https://www.apotheke.de/rubaxx-arthro-mischung-50ml-pzn-15617516", "https://www.apotheke.de/rubaxx-arthro-mischung-50ml-pzn-15617516", "https://www.apotheke.de/rubaxx-arthro-mischung-50ml-pzn-15617516", "https://www.apotheke.de/rubaxx-arthro-mischung-50ml-pzn-15617516/erfahrungen", "https://www.apotheke.de/rubaxx-arthro-mischung-50ml-pzn-15617516", "https://www.apotheke.de/rubaxx-arthro-mischung-50ml-pzn-15617516", "https://www.apotheke.de/vertigoheel-arzneimittel-gegen-viele-formen-von-schwindel-250stk-pzn-01088971", "https://www.apotheke.de/vertigoheel-arzneimittel-gegen-viele-formen-von-schwindel-250stk-pzn-01088971", "https://www.apotheke.de/vertigoheel-arzneimittel-gegen-viele-formen-von-schwindel-250stk-pzn-01088971", "https://www.apotheke.de/vertigoheel-arzneimittel-gegen-viele-formen-von-schwindel-250stk-pzn-01088971/erfahrungen", "https://www.apotheke.de/vertigoheel-arzneimittel-gegen-viele-formen-von-schwindel-250stk-pzn-01088971", "https://www.apotheke.de/vertigoheel-arzneimittel-gegen-viele-formen-von-schwindel-250stk-pzn-01088971", "https://www.apotheke.de/umckaloabo-50ml-pzn-01062049", "https://www.apotheke.de/umckaloabo-50ml-pzn-01062049", "https://www.apotheke.de/umckaloabo-50ml-pzn-01062049", "https://www.apotheke.de/umckaloabo-50ml-pzn-01062049/erfahrungen", "https://www.apotheke.de/umckaloabo-50ml-pzn-01062049", "https://www.apotheke.de/umckaloabo-50ml-pzn-01062049", "https://www.apotheke.de/strophanthus-hevert-tropfen-100ml-pzn-02767585", "https://www.apotheke.de/strophanthus-hevert-tropfen-100ml-pzn-02767585", "https://www.apotheke.de/strophanthus-hevert-tropfen-100ml-pzn-02767585", "https://www.apotheke.de/strophanthus-hevert-tropfen-100ml-pzn-02767585/erfahrungen", "https://www.apotheke.de/strophanthus-hevert-tropfen-100ml-pzn-02767585", "https://www.apotheke.de/strophanthus-hevert-tropfen-100ml-pzn-02767585", "https://www.apotheke.de/neurexan-bei-schlafstoerungen-und-nervoeser-innerer-unruhe-250stk-pzn-04115289", "https://www.apotheke.de/neurexan-bei-schlafstoerungen-und-nervoeser-innerer-unruhe-250stk-pzn-04115289", "https://www.apotheke.de/neurexan-bei-schlafstoerungen-und-nervoeser-innerer-unruhe-250stk-pzn-04115289", "https://www.apotheke.de/neurexan-bei-schlafstoerungen-und-nervoeser-innerer-unruhe-250stk-pzn-04115289/erfahrungen", "https://www.apotheke.de/neurexan-bei-schlafstoerungen-und-nervoeser-innerer-unruhe-250stk-pzn-04115289", "https://www.apotheke.de/neurexan-bei-schlafstoerungen-und-nervoeser-innerer-unruhe-250stk-pzn-04115289", "https://www.apotheke.de/aconit-schmerzoel-100ml-pzn-01448576", "https://www.apotheke.de/aconit-schmerzoel-100ml-pzn-01448576", "https://www.apotheke.de/aconit-schmerzoel-100ml-pzn-01448576", "https://www.apotheke.de/aconit-schmerzoel-100ml-pzn-01448576/erfahrungen", "https://www.apotheke.de/aconit-schmerzoel-100ml-pzn-01448576", "https://www.apotheke.de/aconit-schmerzoel-100ml-pzn-01448576", "https://www.apotheke.de/traumeel-s-wieder-fit-fuer-sport-und-alltag-250stk-pzn-03515294", "https://www.apotheke.de/traumeel-s-wieder-fit-fuer-sport-und-alltag-250stk-pzn-03515294", "https://www.apotheke.de/traumeel-s-wieder-fit-fuer-sport-und-alltag-250stk-pzn-03515294", "https://www.apotheke.de/traumeel-s-wieder-fit-fuer-sport-und-alltag-250stk-pzn-03515294/erfahrungen", "https://www.apotheke.de/traumeel-s-wieder-fit-fuer-sport-und-alltag-250stk-pzn-03515294", "https://www.apotheke.de/traumeel-s-wieder-fit-fuer-sport-und-alltag-250stk-pzn-03515294", "https://www.apotheke.de/angocin-anti-infekt-n-100stk-pzn-06892910", "https://www.apotheke.de/angocin-anti-infekt-n-100stk-pzn-06892910", "https://www.apotheke.de/angocin-anti-infekt-n-100stk-pzn-06892910", "https://www.apotheke.de/angocin-anti-infekt-n-100stk-pzn-06892910/erfahrungen", "https://www.apotheke.de/angocin-anti-infekt-n-100stk-pzn-06892910", "https://www.apotheke.de/angocin-anti-infekt-n-100stk-pzn-06892910", "https://www.apotheke.de/bachblueten-original-rescura-pets-tropfen-alkoholfrei-10ml-pzn-16391899", "https://www.apotheke.de/bachblueten-original-rescura-pets-tropfen-alkoholfrei-10ml-pzn-16391899", "https://www.apotheke.de/bachblueten-original-rescura-pets-tropfen-alkoholfrei-10ml-pzn-16391899", "https://www.apotheke.de/bachblueten-original-rescura-pets-tropfen-alkoholfrei-10ml-pzn-16391899/erfahrungen", "https://www.apotheke.de/bachblueten-original-rescura-pets-tropfen-alkoholfrei-10ml-pzn-16391899", "https://www.apotheke.de/bachblueten-original-rescura-pets-tropfen-alkoholfrei-10ml-pzn-16391899", "https://www.apotheke.de/sinusitis-hevert-sl-tabletten-100stk-pzn-02785005", "https://www.apotheke.de/sinusitis-hevert-sl-tabletten-100stk-pzn-02785005", "https://www.apotheke.de/sinusitis-hevert-sl-tabletten-100stk-pzn-02785005", "https://www.apotheke.de/sinusitis-hevert-sl-tabletten-100stk-pzn-02785005/erfahrungen", "https://www.apotheke.de/sinusitis-hevert-sl-tabletten-100stk-pzn-02785005", "https://www.apotheke.de/sinusitis-hevert-sl-tabletten-100stk-pzn-02785005", "https://www.apotheke.de/metavirulent-tropfen-zum-einnehmen-100ml-pzn-01358258", "https://www.apotheke.de/metavirulent-tropfen-zum-einnehmen-100ml-pzn-01358258", "https://www.apotheke.de/metavirulent-tropfen-zum-einnehmen-100ml-pzn-01358258", "https://www.apotheke.de/metavirulent-tropfen-zum-einnehmen-100ml-pzn-01358258/erfahrungen", "https://www.apotheke.de/metavirulent-tropfen-zum-einnehmen-100ml-pzn-01358258", "https://www.apotheke.de/metavirulent-tropfen-zum-einnehmen-100ml-pzn-01358258", "https://www.apotheke.de/meditonsin-tropfen-35g-pzn-10192710", "https://www.apotheke.de/meditonsin-tropfen-35g-pzn-10192710", "https://www.apotheke.de/meditonsin-tropfen-35g-pzn-10192710", "https://www.apotheke.de/meditonsin-tropfen-35g-pzn-10192710/erfahrungen", "https://www.apotheke.de/meditonsin-tropfen-35g-pzn-10192710", "https://www.apotheke.de/meditonsin-tropfen-35g-pzn-10192710", "https://www.apotheke.de/femiloges-fuer-die-wechseljahre-90stk-pzn-16815885", "https://www.apotheke.de/femiloges-fuer-die-wechseljahre-90stk-pzn-16815885", "https://www.apotheke.de/femiloges-fuer-die-wechseljahre-90stk-pzn-16815885", "https://www.apotheke.de/femiloges-fuer-die-wechseljahre-90stk-pzn-16815885/erfahrungen", "https://www.apotheke.de/femiloges-fuer-die-wechseljahre-90stk-pzn-16815885", "https://www.apotheke.de/femiloges-fuer-die-wechseljahre-90stk-pzn-16815885", "https://www.apotheke.de/notakehl-d5-tropfen-10ml-pzn-03207115", "https://www.apotheke.de/notakehl-d5-tropfen-10ml-pzn-03207115", "https://www.apotheke.de/notakehl-d5-tropfen-10ml-pzn-03207115", "https://www.apotheke.de/notakehl-d5-tropfen-10ml-pzn-03207115/erfahrungen", "https://www.apotheke.de/notakehl-d5-tropfen-10ml-pzn-03207115", "https://www.apotheke.de/notakehl-d5-tropfen-10ml-pzn-03207115", "https://www.apotheke.de/neurexan-bei-schlafstoerungen-und-nervoeser-innerer-unruhe-50stk-pzn-04143009", "https://www.apotheke.de/neurexan-bei-schlafstoerungen-und-nervoeser-innerer-unruhe-50stk-pzn-04143009", "https://www.apotheke.de/neurexan-bei-schlafstoerungen-und-nervoeser-innerer-unruhe-50stk-pzn-04143009", "https://www.apotheke.de/neurexan-bei-schlafstoerungen-und-nervoeser-innerer-unruhe-50stk-pzn-04143009/erfahrungen", "https://www.apotheke.de/neurexan-bei-schlafstoerungen-und-nervoeser-innerer-unruhe-50stk-pzn-04143009", "https://www.apotheke.de/neurexan-bei-schlafstoerungen-und-nervoeser-innerer-unruhe-50stk-pzn-04143009", "https://www.apotheke.de/vitamin-d3-hevert-2000-ie-tabletten-120stk-pzn-11295441", "https://www.apotheke.de/vitamin-d3-hevert-2000-ie-tabletten-120stk-pzn-11295441", "https://www.apotheke.de/vitamin-d3-hevert-2000-ie-tabletten-120stk-pzn-11295441", "https://www.apotheke.de/vitamin-d3-hevert-2000-ie-tabletten-120stk-pzn-11295441/erfahrungen", "https://www.apotheke.de/vitamin-d3-hevert-2000-ie-tabletten-120stk-pzn-11295441", "https://www.apotheke.de/vitamin-d3-hevert-2000-ie-tabletten-120stk-pzn-11295441", "https://www.apotheke.de/vertigoheel-arzneimittel-gegen-viele-formen-von-schwindel-100stk-pzn-06979686", "https://www.apotheke.de/vertigoheel-arzneimittel-gegen-viele-formen-von-schwindel-100stk-pzn-06979686", "https://www.apotheke.de/vertigoheel-arzneimittel-gegen-viele-formen-von-schwindel-100stk-pzn-06979686", "https://www.apotheke.de/vertigoheel-arzneimittel-gegen-viele-formen-von-schwindel-100stk-pzn-06979686/erfahrungen", "https://www.apotheke.de/vertigoheel-arzneimittel-gegen-viele-formen-von-schwindel-100stk-pzn-06979686", "https://www.apotheke.de/vertigoheel-arzneimittel-gegen-viele-formen-von-schwindel-100stk-pzn-06979686", "https://www.apotheke.de/infludoron-streukuegelchen-10g-pzn-09647424", "https://www.apotheke.de/infludoron-streukuegelchen-10g-pzn-09647424", "https://www.apotheke.de/infludoron-streukuegelchen-10g-pzn-09647424", "https://www.apotheke.de/infludoron-streukuegelchen-10g-pzn-09647424/erfahrungen", "https://www.apotheke.de/infludoron-streukuegelchen-10g-pzn-09647424", "https://www.apotheke.de/infludoron-streukuegelchen-10g-pzn-09647424", "https://www.apotheke.de/perenterol-forte-250mg-20stk-pzn-04796869", "https://www.apotheke.de/perenterol-forte-250mg-20stk-pzn-04796869", "https://www.apotheke.de/perenterol-forte-250mg-20stk-pzn-04796869", "https://www.apotheke.de/perenterol-forte-250mg-20stk-pzn-04796869/erfahrungen", "https://www.apotheke.de/perenterol-forte-250mg-20stk-pzn-04796869", "https://www.apotheke.de/perenterol-forte-250mg-20stk-pzn-04796869", "https://www.apotheke.de/taumea-tropfen-50ml-pzn-07241190", "https://www.apotheke.de/taumea-tropfen-50ml-pzn-07241190", "https://www.apotheke.de/taumea-tropfen-50ml-pzn-07241190", "https://www.apotheke.de/taumea-tropfen-50ml-pzn-07241190", "https://www.apotheke.de/taumea-tropfen-50ml-pzn-07241190", "https://www.apotheke.de/vitamin-d3-hevert-4000-internationale-einheiten-tabletten-90stk-pzn-11295470", "https://www.apotheke.de/vitamin-d3-hevert-4000-internationale-einheiten-tabletten-90stk-pzn-11295470", "https://www.apotheke.de/vitamin-d3-hevert-4000-internationale-einheiten-tabletten-90stk-pzn-11295470", "https://www.apotheke.de/vitamin-d3-hevert-4000-internationale-einheiten-tabletten-90stk-pzn-11295470/erfahrungen", "https://www.apotheke.de/vitamin-d3-hevert-4000-internationale-einheiten-tabletten-90stk-pzn-11295470", "https://www.apotheke.de/vitamin-d3-hevert-4000-internationale-einheiten-tabletten-90stk-pzn-11295470", "https://www.apotheke.de/chi-cafe-classic-aromatischer-wellness-kaffee-guarana-400g-pzn-05036379", "https://www.apotheke.de/chi-cafe-classic-aromatischer-wellness-kaffee-guarana-400g-pzn-05036379", "https://www.apotheke.de/chi-cafe-classic-aromatischer-wellness-kaffee-guarana-400g-pzn-05036379", "https://www.apotheke.de/chi-cafe-classic-aromatischer-wellness-kaffee-guarana-400g-pzn-05036379", "https://www.apotheke.de/chi-cafe-classic-aromatischer-wellness-kaffee-guarana-400g-pzn-05036379", "https://www.apotheke.de/meditonsin-tropfen-2x50g-pzn-10192733", "https://www.apotheke.de/meditonsin-tropfen-2x50g-pzn-10192733", "https://www.apotheke.de/meditonsin-tropfen-2x50g-pzn-10192733", "https://www.apotheke.de/meditonsin-tropfen-2x50g-pzn-10192733/erfahrungen", "https://www.apotheke.de/meditonsin-tropfen-2x50g-pzn-10192733", "https://www.apotheke.de/meditonsin-tropfen-2x50g-pzn-10192733", "https://www.apotheke.de/euphrasia-augentropfen-5x05ml-pzn-01448174", "https://www.apotheke.de/euphrasia-augentropfen-5x05ml-pzn-01448174", "https://www.apotheke.de/euphrasia-augentropfen-5x05ml-pzn-01448174", "https://www.apotheke.de/euphrasia-augentropfen-5x05ml-pzn-01448174/erfahrungen", "https://www.apotheke.de/euphrasia-augentropfen-5x05ml-pzn-01448174", "https://www.apotheke.de/euphrasia-augentropfen-5x05ml-pzn-01448174", "https://www.apotheke.de/naturheilkunde-c-264?page=2", "https://www.apotheke.de/naturheilkunde-c-264?page=3", "https://www.apotheke.de/naturheilkunde-c-264?page=4", "https://www.apotheke.de/naturheilkunde-c-264?page=5", "https://www.apotheke.de/naturheilkunde-c-264?page=2", "https://www.apotheke.de/bachblueten-original-rescura-tropfen-alkoholfrei-20ml-pzn-16391818", "https://www.apotheke.de/naturheilkunde-c-264?fbrand%5B0%5D=537&filter_is_open=true", "https://www.apotheke.de/naturheilkunde-c-264?fbrand%5B0%5D=135&filter_is_open=true", "https://www.apotheke.de/naturheilkunde-c-264?fbrand%5B0%5D=29&filter_is_open=true", "https://www.apotheke.de/naturheilkunde-c-264?fbrand%5B0%5D=485&filter_is_open=true", "https://www.apotheke.de/naturheilkunde-c-264?fbrand%5B0%5D=686&filter_is_open=true", "https://www.apotheke.de/naturheilkunde-c-264?fbrand%5B0%5D=311&filter_is_open=true", "https://www.apotheke.de/naturheilkunde-c-264?fbrand%5B0%5D=378&filter_is_open=true", "https://www.apotheke.de/naturheilkunde-c-264?fbrand%5B0%5D=280&filter_is_open=true", "https://www.apotheke.de/naturheilkunde-c-264?fbrand%5B0%5D=278&filter_is_open=true", "https://www.apotheke.de/naturheilkunde-c-264?fbrand%5B0%5D=622&filter_is_open=true", "https://www.apotheke.de/naturheilkunde-c-264?fbrand%5B0%5D=111&filter_is_open=true", "https://www.apotheke.de/naturheilkunde-c-264?fbrand%5B0%5D=639&filter_is_open=true", "https://www.apotheke.de/naturheilkunde-c-264?fbrand%5B0%5D=518&filter_is_open=true", "https://www.apotheke.de/naturheilkunde-c-264?fbrand%5B0%5D=391&filter_is_open=true", "https://www.apotheke.de/naturheilkunde-c-264?fbrand%5B0%5D=511&filter_is_open=true", "https://www.apotheke.de/naturheilkunde-c-264?fbrand%5B0%5D=327&filter_is_open=true", "https://www.apotheke.de/naturheilkunde-c-264?fbrand%5B0%5D=184&filter_is_open=true", "https://www.apotheke.de/naturheilkunde-c-264?fbrand%5B0%5D=436&filter_is_open=true", "https://www.apotheke.de/naturheilkunde-c-264?fbrand%5B0%5D=154&filter_is_open=true", "https://www.apotheke.de/naturheilkunde-c-264?fbrand%5B0%5D=414&filter_is_open=true", "https://www.apotheke.de/naturheilkunde-c-264?fbrand%5B0%5D=380&filter_is_open=true", "https://www.apotheke.de/naturheilkunde-c-264?fbrand%5B0%5D=80&filter_is_open=true", "https://www.apotheke.de/naturheilkunde-c-264?fbrand%5B0%5D=445&filter_is_open=true", "https://www.apotheke.de/naturheilkunde-c-264?fbrand%5B0%5D=263&filter_is_open=true", "https://www.apotheke.de/naturheilkunde-c-264?fbrand%5B0%5D=204&filter_is_open=true", "https://www.apotheke.de/naturheilkunde-c-264?fbrand%5B0%5D=369&filter_is_open=true", "https://www.apotheke.de/naturheilkunde-c-264?fbrand%5B0%5D=249&filter_is_open=true", "https://www.apotheke.de/naturheilkunde-c-264?fbrand%5B0%5D=173&filter_is_open=true", "https://www.apotheke.de/naturheilkunde-c-264?fbrand%5B0%5D=335&filter_is_open=true", "https://www.apotheke.de/naturheilkunde-c-264?fbrand%5B0%5D=685&filter_is_open=true", "https://www.apotheke.de/naturheilkunde-c-264?fbrand%5B0%5D=271&filter_is_open=true", "https://www.apotheke.de/naturheilkunde-c-264?fbrand%5B0%5D=3&filter_is_open=true", "https://www.apotheke.de/naturheilkunde-c-264?fbrand%5B0%5D=394&filter_is_open=true", "https://www.apotheke.de/naturheilkunde-c-264?fbrand%5B0%5D=144&filter_is_open=true", "https://www.apotheke.de/naturheilkunde-c-264?fbrand%5B0%5D=510&filter_is_open=true", "https://www.apotheke.de/naturheilkunde-c-264?fbrand%5B0%5D=192&filter_is_open=true", "https://www.apotheke.de/naturheilkunde-c-264?fbrand%5B0%5D=264&filter_is_open=true", "https://www.apotheke.de/naturheilkunde-c-264?fbrand%5B0%5D=561&filter_is_open=true", "https://www.apotheke.de/naturheilkunde-c-264?fbrand%5B0%5D=37&filter_is_open=true", "https://www.apotheke.de/naturheilkunde-c-264?fbrand%5B0%5D=331&filter_is_open=true", "https://www.apotheke.de/naturheilkunde-c-264?fbrand%5B0%5D=666&filter_is_open=true", "https://www.apotheke.de/naturheilkunde-c-264?fbrand%5B0%5D=63&filter_is_open=true", "https://www.apotheke.de/naturheilkunde-c-264?fbrand%5B0%5D=590&filter_is_open=true", "https://www.apotheke.de/naturheilkunde-c-264?fbrand%5B0%5D=234&filter_is_open=true", "https://www.apotheke.de/bombastus-c-341", "https://www.apotheke.de/bach-blueten-c-384", "https://www.apotheke.de/beiersdorf-ag-c-868", "https://www.apotheke.de/loral-deutschland-gmbh-c-874", "https://www.apotheke.de/klosterfrau-healthcare-group-c-1429", "https://www.apotheke.de/bayer-healthcare-ag-c-855", "https://www.apotheke.de/hexal-c-1648", "https://www.apotheke.de/aspirin-c-312", "https://www.apotheke.de/basica-c-1147", "https://www.apotheke.de/dhu-schuessler-salze-c-379", "https://www.apotheke.de/doppelherz-c-1151", "https://www.apotheke.de/advanced_search_result.php?keywords=Frontline", "https://www.apotheke.de/mucosolvan-c-1037", "https://www.apotheke.de/ratiopharm-c-316", "https://www.apotheke.de/-c-362", "https://www.apotheke.de/advanced_search_result.php?keywords=Thermacare", "https://www.apotheke.de/wick-c-1747", "https://www.apotheke.de/firmen-c-711", "https://www.apotheke.de/sicherheitsserver", "https://www.cbg-meb.nl/onderwerpen/bd-internethandel-diergeneesmiddelen/register-internethandel-diergeneesmiddelen", "", "https://www.apotheke.de/zahlungsarten", "https://www.apotheke.de/zahlungsarten", "https://www.apotheke.de/zahlungsarten", "https://www.apotheke.de/zahlungsarten", "https://www.apotheke.de/liefer-und-versandkosten", "https://www.idealo.de/preisvergleich/Shop/302344.html", "https://www.apotheke.de/show_order_details.php", "https://www.apotheke.de/liefer-und-versandkosten", "https://www.apotheke.de/retouren", "https://www.apotheke.de/kontakt", "https://www.apotheke.de/wechselwirkungscheck", "https://www.apotheke.de/team", "https://www.facebook.com/ApothekedeOnlineapotheke", "https://www.apotheke.de/geschenkideen-c-1178", "https://www.apotheke.de/gesundheitstipps-c-611", "https://www.apotheke.de/versandapotheke", "https://www.apotheke.de/firmen-c-711", "https://www.apotheke.de/online-apotheke", "https://www.apotheke.de/rezeptbestellung", "https://www.apotheke.de/datenschutz", "https://www.apotheke.de/online-streitbeilegung", "https://www.apotheke.de/informationen-zur-batterieverordnung", "https://www.apotheke.de/agb", "https://www.apotheke.de/impressum"]}