{"title": "Globuli gegen Erk\u00e4ltung | Ratgeber - versandApo", "author": "Versandapotheke versandapo de", "url": "https://www.versandapo.de/ratgeber-globuli-erkaeltung-c-3650", "hostname": "versandapo.de", "description": "Globuli gegen Erk\u00e4ltung", "sitename": "versandapo.de", "date": "2015-02-12", "id": null, "license": null, "body": null, "comments": "", "commentsbody": null, "raw_text": null, "text": "Globuli gegen Erk\u00e4ltung\nDie Hom\u00f6opathie arbeitet nach dem von Samuel Hahnemann formulierten Prinzip \"\u00c4hnliches soll durch \u00c4hnliches geheilt werden\". Das ausgew\u00e4hlte hom\u00f6opathische Mittel soll beim gesunden Menschen die gleichen Symptome ausl\u00f6sen, die beim Kranken durch dieses Mittel geheilt werden. Aus der Ursubstanz entsteht das hom\u00f6opathische Arzneimittel durch Potenzierung. Die Substanz wird hierbei in einem bestimmten Verh\u00e4ltnis mit Milchzucker verrieben oder mit Wasser oder Ethanol versch\u00fcttelt. Hom\u00f6opathische Pr\u00e4parate sind erh\u00e4ltlich als Tropfen, Tabletten, Pulver, Injektionen und Globuli.\nHom\u00f6opathie und Erk\u00e4ltung\nErk\u00e4ltungen und grippale Infekte gehen mit l\u00e4stigen Symptomen einher, sind aber generell keine schwerwiegenden Erkrankungen. Komplikationen ergeben sich meist, wenn der Erkrankte seinem K\u00f6rper nicht ausreichend Zeit gibt zum Gesundwerden. Symptome wie Schnupfen, Husten, Fieber, Kopf- und Gliederschmerzen werden oftmals nur unterdr\u00fcckt. Hom\u00f6opathische Pr\u00e4parate helfen auf sanfte Weise, Erk\u00e4ltungen zu heilen und lassen dadurch die unangenehmen Begleiterscheinungen abklingen. Anhand der jeweiligen Symptome der Erk\u00e4ltung werden individuell f\u00fcr den Erkrankten das oder die hom\u00f6opathischen Mittel ausgew\u00e4hlt.\nGlobuli gegen Erk\u00e4ltung\nNachfolgend sind typische hom\u00f6opathische Mittel dargestellt, die bei einer Erk\u00e4ltung in Globuliform eingenommen werden k\u00f6nnen.\n- Camphora oder Aconitum sind geeignet bei pl\u00f6tzlichem und heftigem Krankheitsbeginn mit Fieber und Sch\u00fcttelfrost. Diese Symptome werden gelindert. Es sollte nur eines der beiden Mittel gew\u00e4hlt werden.\n- Ferrum phosphoricum hilft in Globuliform bei der Linderung von Husten, Schnupfen und gereizten Schleimh\u00e4uten.\n- Rhus toxicodendron hilft bei Beschwerden wie Gliederschmerzen, Schnupfen, H\u00fcsteln und Unruhe, insbesondere wenn die Erk\u00e4ltung nach Einwirkung von K\u00e4lte und N\u00e4sse aufgetreten ist. Gelsemicum bessert die erk\u00e4ltungstypischen Kopf- und Nackenschmerzen.\n- Aconitum und Bryonia wirken positiv bei Beschwerden im Brustbereich. Bei Husten, Bronchitis oder erk\u00e4ltungsbedingtem Stechen in der Brust werden eines oder beide Mittel ausgew\u00e4hlt.\n- Gaben von Hepar sulfuris und Mercurius solubilis lindern merklich Halsschmerzen, Halsentz\u00fcndungen und Mandelentz\u00fcndungen. Ist die Mandelentz\u00fcndung eitrig, sollte ein Arzt aufgesucht werden.\n- Belladonna und Chamomilla sind hom\u00f6opathische Schmerzmittel. Die f\u00fcr einen grippalen Infekt charakteristischen Kopf-, Nacken-, Hals-, Ohren- und Gliederschmerzen werden gemildert. Belladonna hilft zus\u00e4tzlich gegen Schwei\u00dfausbr\u00fcche.\n- Hepar Sulfuris, Silicea und Pulsatilla k\u00f6nnen hilfreich sein bei einer erk\u00e4ltungsbedingten Nasennebenh\u00f6hlenentz\u00fcndung.\n- Echinacea und China werden angewendet w\u00e4hrend der Ersch\u00f6pfung in der ersten Krankheitsphase sowie bei lang anhaltenden Erk\u00e4ltungen.\n- Calcium Carbonicum hilft infektanf\u00e4lligen Menschen bei der Vorbeugung von Erk\u00e4ltungen und grippalen Infekten.\n- Eupatorium perfoliatum D6 Globuli bringen Linderung bei durch Wind und feuchte K\u00e4lte hervorgerufenen grippalen Infekten mit Fieber, Sch\u00fcttelfrost, Kopf- und Gliederschmerzen.\n- Rumex D6 Gaben sind geeignet bei trockenem Reizhusten mit wenig Auswurf.\n- Hyoscyamus D6 Globuli sind speziell f\u00fcr den n\u00e4chtlichen Reizhusten mit wenig Schleim gedacht und werden dementsprechend abends und bei Bedarf eingenommen.\n- Sticta D6 hilft bei einem bellenden Husten. Schleim wird ausgehustet. Meist ist dieser Husten kombiniert mit Halsschmerzen und Schluckbeschwerden.\n- Luffa D12 beseitigt die Trockenheit im Mund und eine verstopfte Nase.\n- Allium cepa D6 Globuli lindern den Flie\u00dfschnupfen.\n- Apis D6 hilft schnell bei stechenden Schluckbeschwerden bei blassrotem Gaumen und dickem Z\u00e4pfchen.\n- Belladonna D6 ist geeignet, wenn die Erk\u00e4ltung mit einem roten Rachen und pl\u00f6tzlichen pochenden Schmerzen einhergeht.\n- Gaben von Aconitum D6 helfen bei pl\u00f6tzlichem, fieberhaftem Krankheitsbeginn mit Unruhe und gro\u00dfem Durst.\n- Arum triphyllum D6 wirkt sich positiv auf eine heiser klingende, raue und kratzige Stimme aus.\nDosierung der Globuli bei einer Erk\u00e4ltung\nAls Standarddosis nehmen Erwachsene bei einer Potenzierung bis D12 zwei bis drei mal t\u00e4glich je f\u00fcnf Globuli der ausgew\u00e4hlten Mittel ein, Kinder zwei bis drei mal t\u00e4glich je ein bis drei Globuli. Nach deutlicher Besserung der Beschwerden wird die Dosis halbiert. Bei einer akuten Erk\u00e4ltung k\u00f6nnen die Mittel am ersten Tag alle ein bis zwei Stunden genommen werden. Die Globuli werden unter die Zunge gelegt, bis sie sich aufgel\u00f6st haben. Bei pl\u00f6tzlichem, akutem Erk\u00e4ltungsbeginn werden f\u00fcnf Globuli (Kinder ein bis drei Globuli) in einem Glas Wasser aufgel\u00f6st. Alle drei bis 15 Minuten wird ein Schluck davon getrunken und eine Weile im Mund belassen.\n[\nHom\u00f6opathisch\n10,98*\n9,69*\n](https://www.versandapo.de/arnica-d12-globuli-dhu-10g-pzn-02110230) [\nPZN 02110230\n(GP*: 969,00\u20ac/1 kg)\n](https://www.versandapo.de/arnica-d12-globuli-dhu-10g-pzn-02110230) [\n](https://www.versandapo.de/arnica-d12-globuli-dhu-10g-pzn-02110230)\n- Hom\u00f6opathisches Arzneimittel\n- Registriertes hom\u00f6opathisches Arzneimittel, daher ohne Angabe einer therapeutischen Indikation\nBestellungen die Mo-Fr bis 16:00 Uhr eingehen verlassen in der Regel noch am selben Tag unser Haus.\nDie Lieferzeit Ihrer Bestellung richtet sich nach dem Artikel mit der l\u00e4ngsten Lieferzeitangabe.\n[\n12,32*\n9,99*\n](https://www.versandapo.de/agropyron-globuli-velati-20g-pzn-01447861) [\nPZN 01447861\n(GP*: 499,50\u20ac/1 kg)\n](https://www.versandapo.de/agropyron-globuli-velati-20g-pzn-01447861) [\n](https://www.versandapo.de/agropyron-globuli-velati-20g-pzn-01447861)\n- anthroposophisches Arzneimittel\n- bei Erk\u00e4ltungen\n- nach hom\u00f6opathischem Verfahren hergestellt\n- mit Quecke, Zinnober und L\u00f6wenzahn\n- f\u00fcr eine ganzheitliche Behandlung\nBestellungen die Mo-Fr bis 16:00 Uhr eingehen verlassen in der Regel noch am selben Tag unser Haus.\nDie Lieferzeit Ihrer Bestellung richtet sich nach dem Artikel mit der l\u00e4ngsten Lieferzeitangabe.\n[\nHom\u00f6opathisch\n10,98*\n9,79*\n](https://www.versandapo.de/arnica-d6-globuli-dhu-10g-pzn-01758443) [\nPZN 01758443\n(GP*: 979,00\u20ac/1 kg)\n](https://www.versandapo.de/arnica-d6-globuli-dhu-10g-pzn-01758443) [\n](https://www.versandapo.de/arnica-d6-globuli-dhu-10g-pzn-01758443)\n- Hom\u00f6opathisches Arzneimittel\n- Wirkt nach dem \u00c4hnlichkeitsprinzip\n- Reguliert die Selbstheilungskraft des K\u00f6rpers\n- F\u00fcr eine ganzheitliche Behandlung\nBestellungen die Mo-Fr bis 16:00 Uhr eingehen verlassen in der Regel noch am selben Tag unser Haus.\nDie Lieferzeit Ihrer Bestellung richtet sich nach dem Artikel mit der l\u00e4ngsten Lieferzeitangabe.\n[\nHom\u00f6opathisch\n10,98*\n9,69*\n](https://www.versandapo.de/nux-vomica-d12-globuli-10g-pzn-01780862) [\nPZN 01780862\n(GP*: 969,00\u20ac/1 kg)\n](https://www.versandapo.de/nux-vomica-d12-globuli-10g-pzn-01780862) [\n](https://www.versandapo.de/nux-vomica-d12-globuli-10g-pzn-01780862)\n- hom\u00f6opathisches Arzneimittel\n- wirkt nach dem \u00c4hnlichkeitsprinzip\n- reguliert die Selbstheilungskraft des K\u00f6rpers\n- f\u00fcr eine ganzheitliche Behandlung\nBestellungen die Mo-Fr bis 16:00 Uhr eingehen verlassen in der Regel noch am selben Tag unser Haus.\nDie Lieferzeit Ihrer Bestellung richtet sich nach dem Artikel mit der l\u00e4ngsten Lieferzeitangabe.\n[\n12,32*\n10,59*\n](https://www.versandapo.de/apis-belladonna-globuli-velati-20g-pzn-00084882) [\nPZN 00084882\n(GP*: 529,50\u20ac/1 kg)\n](https://www.versandapo.de/apis-belladonna-globuli-velati-20g-pzn-00084882) [\n](https://www.versandapo.de/apis-belladonna-globuli-velati-20g-pzn-00084882)\n- Bei entz\u00fcndlichen Erkrankungen\n- Entz\u00fcndungen im Mund-, Nasen- und Rachenraumes und der Haut\nBestellungen die Mo-Fr bis 16:00 Uhr eingehen verlassen in der Regel noch am selben Tag unser Haus.\nDie Lieferzeit Ihrer Bestellung richtet sich nach dem Artikel mit der l\u00e4ngsten Lieferzeitangabe.\n[\nHom\u00f6opathisch\n89,99*\n78,99*\n](https://www.versandapo.de/dhu-taschenapotheke-globuli-32x1g-pzn-02640407) [\nPZN 02640407\n(GP*: 2468,43\u20ac/1 kg)\n](https://www.versandapo.de/dhu-taschenapotheke-globuli-32x1g-pzn-02640407) [\n](https://www.versandapo.de/dhu-taschenapotheke-globuli-32x1g-pzn-02640407)\n- Hom\u00f6opathie auf Reisen\n- fertig best\u00fcckte Taschenapotheke\n- 32 verschiedene hom\u00f6opathische Einzelmittel\n- praktisch f\u00fcr zu Hause und die Reise\nBestellungen die Mo-Fr bis 16:00 Uhr eingehen verlassen in der Regel noch am selben Tag unser Haus.\nDie Lieferzeit Ihrer Bestellung richtet sich nach dem Artikel mit der l\u00e4ngsten Lieferzeitangabe.\n[\nHom\u00f6opathisch\n10,98*\n9,59*\n](https://www.versandapo.de/nux-vomica-d6-globuli-10g-pzn-01780856) [\nPZN 01780856\n(GP*: 959,00\u20ac/1 kg)\n](https://www.versandapo.de/nux-vomica-d6-globuli-10g-pzn-01780856) [\n](https://www.versandapo.de/nux-vomica-d6-globuli-10g-pzn-01780856)\n- hom\u00f6opathisches Arzneimittel\n- wirkt nach dem \u00c4hnlichkeitsprinzip\n- reguliert die Selbstheilungskraft des K\u00f6rpers\n- f\u00fcr eine ganzheitliche Behandlung\nBestellungen die Mo-Fr bis 16:00 Uhr eingehen verlassen in der Regel noch am selben Tag unser Haus.\nDie Lieferzeit Ihrer Bestellung richtet sich nach dem Artikel mit der l\u00e4ngsten Lieferzeitangabe.\n[\nHom\u00f6opathisch\n10,98*\n9,59*\n](https://www.versandapo.de/pulsatilla-d12-globuli-10g-pzn-01782944) [\nPZN 01782944\n(GP*: 959,00\u20ac/1 kg)\n](https://www.versandapo.de/pulsatilla-d12-globuli-10g-pzn-01782944) [\n](https://www.versandapo.de/pulsatilla-d12-globuli-10g-pzn-01782944)\n- hom\u00f6opathisches Arzneimittel\n- wirkt nach dem \u00c4hnlichkeitsprinzip\n- reguliert die Selbstheilungskraft des K\u00f6rpers\n- f\u00fcr eine ganzheitliche Behandlung\nBestellungen die Mo-Fr bis 16:00 Uhr eingehen verlassen in der Regel noch am selben Tag unser Haus.\nDie Lieferzeit Ihrer Bestellung richtet sich nach dem Artikel mit der l\u00e4ngsten Lieferzeitangabe.\n[\nHom\u00f6opathisch\n10,98*\n10,19*\n](https://www.versandapo.de/rhus-tox-d12-globuli-10g-pzn-01783731) [\nPZN 01783731\n(GP*: 1019,00\u20ac/1 kg)\n](https://www.versandapo.de/rhus-tox-d12-globuli-10g-pzn-01783731) [\n](https://www.versandapo.de/rhus-tox-d12-globuli-10g-pzn-01783731)\n- hom\u00f6opathisches Arzneimittel\n- wirkt nach dem \u00c4hnlichkeitsprinzip\n- reguliert die Selbstheilungskraft des K\u00f6rpers\n- f\u00fcr eine ganzheitliche Behandlung\nBestellungen die Mo-Fr bis 16:00 Uhr eingehen verlassen in der Regel noch am selben Tag unser Haus.\nDie Lieferzeit Ihrer Bestellung richtet sich nach dem Artikel mit der l\u00e4ngsten Lieferzeitangabe.\n[\nHom\u00f6opathisch\n10,98*\n9,59*\n](https://www.versandapo.de/ferrum-phosphoricum-d12-globuli-10g-pzn-01770875) [\nPZN 01770875\n(GP*: 959,00\u20ac/1 kg)\n](https://www.versandapo.de/ferrum-phosphoricum-d12-globuli-10g-pzn-01770875) [\n](https://www.versandapo.de/ferrum-phosphoricum-d12-globuli-10g-pzn-01770875)\n- hom\u00f6opathisches Arzneimittel\n- wirkt nach dem \u00c4hnlichkeitsprinzip\n- reguliert die Selbstheilungskraft des K\u00f6rpers\n- f\u00fcr eine ganzheitliche Behandlung\nBestellungen die Mo-Fr bis 16:00 Uhr eingehen verlassen in der Regel noch am selben Tag unser Haus.\nDie Lieferzeit Ihrer Bestellung richtet sich nach dem Artikel mit der l\u00e4ngsten Lieferzeitangabe.\n[\nHom\u00f6opathisch\n10,98*\n8,69*\n](https://www.versandapo.de/belladonna-d12-globuli-dhu-10g-pzn-01760428) [\nPZN 01760428\n(GP*: 869,00\u20ac/1 kg)\n](https://www.versandapo.de/belladonna-d12-globuli-dhu-10g-pzn-01760428) [\n](https://www.versandapo.de/belladonna-d12-globuli-dhu-10g-pzn-01760428)\n- hom\u00f6opathisches Arzneimittel\n- wirkt nach dem \u00c4hnlichkeitsprinzip\n- reguliert die Selbstheilungskraft des K\u00f6rpers\n- f\u00fcr eine ganzheitliche Behandlung\nBestellungen die Mo-Fr bis 16:00 Uhr eingehen verlassen in der Regel noch am selben Tag unser Haus.\nDie Lieferzeit Ihrer Bestellung richtet sich nach dem Artikel mit der l\u00e4ngsten Lieferzeitangabe.\n[\nHom\u00f6opathisch\n10,98*\n10,39*\n](https://www.versandapo.de/belladonna-d6-globuli-10g-pzn-01760411) [\nPZN 01760411\n(GP*: 1039,00\u20ac/1 kg)\n](https://www.versandapo.de/belladonna-d6-globuli-10g-pzn-01760411) [\n](https://www.versandapo.de/belladonna-d6-globuli-10g-pzn-01760411)\n- hom\u00f6opathisches Arzneimittel\n- wirkt nach dem \u00c4hnlichkeitsprinzip\n- reguliert die Selbstheilungskraft des K\u00f6rpers\n- f\u00fcr eine ganzheitliche Behandlung\nBestellungen die Mo-Fr bis 16:00 Uhr eingehen verlassen in der Regel noch am selben Tag unser Haus.\nDie Lieferzeit Ihrer Bestellung richtet sich nach dem Artikel mit der l\u00e4ngsten Lieferzeitangabe.\n[\nHom\u00f6opathisch\n10,98*\n10,19*\n](https://www.versandapo.de/silicea-d12-globuli-10g-pzn-01785670) [\nPZN 01785670\n(GP*: 1019,00\u20ac/1 kg)\n](https://www.versandapo.de/silicea-d12-globuli-10g-pzn-01785670) [\n](https://www.versandapo.de/silicea-d12-globuli-10g-pzn-01785670)\n- nur Original-Markenmedikamente\n- Bonus f\u00fcr Selbstzahler-Rezepte10)\n- Versandkostenfreie Lieferung**\nBestellungen die Mo-Fr bis 16:00 Uhr eingehen verlassen in der Regel noch am selben Tag unser Haus.\nDie Lieferzeit Ihrer Bestellung richtet sich nach dem Artikel mit der l\u00e4ngsten Lieferzeitangabe.\n[\nHom\u00f6opathisch\n10,98*\n8,69*\n](https://www.versandapo.de/lycopodium-d12-globuli-10g-pzn-01777506) [\nPZN 01777506\n(GP*: 869,00\u20ac/1 kg)\n](https://www.versandapo.de/lycopodium-d12-globuli-10g-pzn-01777506) [\n](https://www.versandapo.de/lycopodium-d12-globuli-10g-pzn-01777506)\n- nur Original-Markenmedikamente\n- Bonus f\u00fcr Selbstzahler-Rezepte10)\n- Versandkostenfreie Lieferung**\nBestellungen die Mo-Fr bis 16:00 Uhr eingehen verlassen in der Regel noch am selben Tag unser Haus.\nDie Lieferzeit Ihrer Bestellung richtet sich nach dem Artikel mit der l\u00e4ngsten Lieferzeitangabe.\n[\nHom\u00f6opathisch\n10,98*\n10,19*\n](https://www.versandapo.de/apis-mellifica-d12-globuli-10g-pzn-02800992) [\nPZN 02800992\n(GP*: 1019,00\u20ac/1 kg)\n](https://www.versandapo.de/apis-mellifica-d12-globuli-10g-pzn-02800992) [\n](https://www.versandapo.de/apis-mellifica-d12-globuli-10g-pzn-02800992)\n- hom\u00f6opathisches Arzneimittel\n- wirkt nach dem \u00c4hnlichkeitsprinzip\n- reguliert die Selbstheilungskraft des K\u00f6rpers\n- f\u00fcr eine ganzheitliche Behandlung\nBestellungen die Mo-Fr bis 16:00 Uhr eingehen verlassen in der Regel noch am selben Tag unser Haus.\nDie Lieferzeit Ihrer Bestellung richtet sich nach dem Artikel mit der l\u00e4ngsten Lieferzeitangabe.\n[\nHom\u00f6opathisch\n10,98*\n9,29*\n](https://www.versandapo.de/rhus-tox-d6-globuli-10g-pzn-01783725) [\nPZN 01783725\n(GP*: 929,00\u20ac/1 kg)\n](https://www.versandapo.de/rhus-tox-d6-globuli-10g-pzn-01783725) [\n](https://www.versandapo.de/rhus-tox-d6-globuli-10g-pzn-01783725)\n- nur Original-Markenmedikamente\n- Bonus f\u00fcr Selbstzahler-Rezepte10)\n- Versandkostenfreie Lieferung**\nBestellungen die Mo-Fr bis 16:00 Uhr eingehen verlassen in der Regel noch am selben Tag unser Haus.\nDie Lieferzeit Ihrer Bestellung richtet sich nach dem Artikel mit der l\u00e4ngsten Lieferzeitangabe.\n[\nHom\u00f6opathisch\n10,98*\n10,19*\n](https://www.versandapo.de/pulsatilla-d6-globuli-10g-pzn-01782938) [\nPZN 01782938\n(GP*: 1019,00\u20ac/1 kg)\n](https://www.versandapo.de/pulsatilla-d6-globuli-10g-pzn-01782938) [\n](https://www.versandapo.de/pulsatilla-d6-globuli-10g-pzn-01782938)\n- hom\u00f6opathisches Arzneimittel\n- wirkt nach dem \u00c4hnlichkeitsprinzip\n- reguliert die Selbstheilungskraft des K\u00f6rpers\n- f\u00fcr eine ganzheitliche Behandlung\nBestellungen die Mo-Fr bis 16:00 Uhr eingehen verlassen in der Regel noch am selben Tag unser Haus.\nDie Lieferzeit Ihrer Bestellung richtet sich nach dem Artikel mit der l\u00e4ngsten Lieferzeitangabe.\n[\nHom\u00f6opathisch\n10,98*\n9,99*\n](https://www.versandapo.de/apis-mellifica-d6-globuli-10g-pzn-02109876) [\nPZN 02109876\n(GP*: 999,00\u20ac/1 kg)\n](https://www.versandapo.de/apis-mellifica-d6-globuli-10g-pzn-02109876) [\n](https://www.versandapo.de/apis-mellifica-d6-globuli-10g-pzn-02109876)\n- hom\u00f6opathisches Arzneimittel\n- wirkt nach dem \u00c4hnlichkeitsprinzip\n- reguliert die Selbstheilungskraft des K\u00f6rpers\n- f\u00fcr eine ganzheitliche Behandlung\nBestellungen die Mo-Fr bis 16:00 Uhr eingehen verlassen in der Regel noch am selben Tag unser Haus.\nDie Lieferzeit Ihrer Bestellung richtet sich nach dem Artikel mit der l\u00e4ngsten Lieferzeitangabe.\n[\nHom\u00f6opathisch\n11,50*\n11,19*\n](https://www.versandapo.de/apis-mellifica-c30-globuli-10g-pzn-02890618) [\nPZN 02890618\n(GP*: 1119,00\u20ac/1 kg)\n](https://www.versandapo.de/apis-mellifica-c30-globuli-10g-pzn-02890618) [\n](https://www.versandapo.de/apis-mellifica-c30-globuli-10g-pzn-02890618)\n- hom\u00f6opathisches Arzneimittel\nlieferbar in 2-3 Tagen\nlieferbar in 2-3 Tagen\nAuf Grund der hohen Nachfrage kann sich die Lieferung um 2-3 Tage verschieben\nDie Lieferzeit Ihrer Bestellung richtet sich nach dem Artikel mit der l\u00e4ngsten Lieferzeitangabe.\n[\nHom\u00f6opathisch\n10,98*\n9,49*\n](https://www.versandapo.de/ignatia-d12-globuli-10g-pzn-02102526) [\nPZN 02102526\n(GP*: 949,00\u20ac/1 kg)\n](https://www.versandapo.de/ignatia-d12-globuli-10g-pzn-02102526) [\n](https://www.versandapo.de/ignatia-d12-globuli-10g-pzn-02102526)\n- nur Original-Markenmedikamente\n- Bonus f\u00fcr Selbstzahler-Rezepte10)\n- Versandkostenfreie Lieferung**", "language": null, "image": "https://www.versandapo.de/templates/versandapo_de/img/layout/shop_logo_open_graph.png", "pagetype": "website", "links": ["https://www.versandapo.de/", "https://www.versandapo.de/login.php", "https://www.versandapo.de/password_double_opt.php", null, "https://www.versandapo.de/login.php", "https://www.versandapo.de/selbsttest-c-3700", "https://www.versandapo.de/gratis-aktionen-c-1905", "https://www.versandapo.de/newsletter.php", "https://www.versandapo.de/kontakt", "https://www.versandapo.de/team", "https://www.versandapo.de/markenprodukte-apodiscounter-c-3020", "https://www.versandapo.de/beschwerdefrei-c-3034", "https://www.versandapo.de/gesunde-ernaehrung-c-3035", "https://www.versandapo.de/kosmetik-c-3038", "https://www.versandapo.de/hausapotheke-c-3037", "https://www.versandapo.de/medikamente-c-2522", "https://www.versandapo.de/gedaechtnis-konzentration-c-2563", "https://www.versandapo.de/herz-kreislauf-diabetes-c-2553", "https://www.versandapo.de/diabetikerbedarf-c-2555", "https://www.versandapo.de/muskeln-knochen-gelenke-c-2627", "https://www.versandapo.de/blase-nieren-c-2548", "https://www.versandapo.de/allergien-heuschnupfen-c-2523", "https://www.versandapo.de/augen-ohren-c-2527", "https://www.versandapo.de/haut-haare-naegel-c-2537", "https://www.versandapo.de/vegan-vegetarisch-c-3534", "https://www.versandapo.de/reiseapotheke-c-3496", "https://www.versandapo.de/naturheilmittel-c-3550", "https://www.versandapo.de/grippe-erkaeltung-c-2655", "https://www.versandapo.de/erkaeltungspakete-c-3760", "https://www.versandapo.de/fieber-c-2656", "https://www.versandapo.de/kopf-gliederschmerzen-c-2659", "https://www.versandapo.de/husten-c-2660", "https://www.versandapo.de/schnupfen-c-2664", "https://www.versandapo.de/halsschmerzen-c-2672", "https://www.versandapo.de/erkaeltung-vorbeugen-c-2673", "https://www.versandapo.de/grippe-medikamente-c-3805", "https://www.versandapo.de/schmerzmittel-c-2633", "https://www.versandapo.de/schmerzmittel-beliebte-produkte-c-3853", "https://www.versandapo.de/schmerzmittel-wirkstoffe-c-3518", "https://www.versandapo.de/kopfschmerzen-migraene-c-2634", "https://www.versandapo.de/rueckenschmerzen-c-2635", "https://www.versandapo.de/gelenke-rheuma-c-3519", "https://www.versandapo.de/muskelschmerzen-c-3520", "https://www.versandapo.de/verstauchung-prellung-c-3521", "https://www.versandapo.de/regelschmerzen-c-2636", "https://www.versandapo.de/schmerzende-ohren-c-2637", "https://www.versandapo.de/zahnschmerzen-c-2638", "https://www.versandapo.de/magen-darm-c-2617", "https://www.versandapo.de/abfuehrmittel-c-4144", "https://www.versandapo.de/blaehungen-voellegefuehl-c-2618", "https://www.versandapo.de/darmsanierung-produkte-c-5049", "https://www.versandapo.de/magen-darm-grippe-c-3806", "https://www.versandapo.de/verdauungsprobleme-c-3516", "https://www.versandapo.de/durchfall-c-2619", "https://www.versandapo.de/erbrechen-uebelkeit-c-2620", "https://www.versandapo.de/haemorrhoiden-c-2621", "https://www.versandapo.de/laktoseintoleranz-c-2622", "https://www.versandapo.de/leber-galle-c-2623", "https://www.versandapo.de/probiotika-praebiotika-c-2624", "https://www.versandapo.de/sodbrennen-c-2625", "https://www.versandapo.de/verstopfung-c-2626", "https://www.versandapo.de/familie-baby-kind-c-2681", "https://www.versandapo.de/fuer-die-frau-c-2682", "https://www.versandapo.de/baby-kind-c-2686", "https://www.versandapo.de/fuer-den-mann-c-2700", "https://www.versandapo.de/schwangerschaft-kinderwunsch-c-2707", "https://www.versandapo.de/stillzeit-c-3790", "https://www.versandapo.de/tee-c-2677", "https://www.versandapo.de/sex-lifestyle-verhuetung-c-2712", "https://www.versandapo.de/vitamine-mineralien-c-2639", "https://www.versandapo.de/vitamine-c-2648", "https://www.versandapo.de/mineralstoffe-c-2640", "https://www.versandapo.de/vitamin-mineralstoff-kombinationen-c-3526", "https://www.versandapo.de/orthomolekulaere-ernaehrung-c-3527", "https://www.versandapo.de/antioxidantien-c-3528", "https://www.versandapo.de/erschoepfung-c-3529", "https://www.versandapo.de/saeure-basen-haushalt-c-3530", "https://www.versandapo.de/homoeopathie-c-2779", "https://www.versandapo.de/schuesslersalze-c-2794", "https://www.versandapo.de/bachblueten-c-3555", "https://www.versandapo.de/homoeopathisch-erkaeltung-c-2782", "https://www.versandapo.de/homoeopathisch-magen-darm-c-2788", "https://www.versandapo.de/homoeopathisch-muskeln-knochen-gelenke-c-2789", "https://www.versandapo.de/homoeopathisch-nerven-kreislauf-c-2790", "https://www.versandapo.de/homoeopathisch-wechseljahre-c-2793", "https://www.versandapo.de/homoeopathisch-entgiften-c-2787", "https://www.versandapo.de/homoeopathisch-haut-c-2786", "https://www.versandapo.de/homoeopathisch-augen-ohren-c-2780", "https://www.versandapo.de/homoeopathische-einzelmittel-c-3581", "https://www.versandapo.de/homoeopathische-komplexmittel-c-3556", "https://www.versandapo.de/naturprodukte-hersteller-c-2768", "https://www.versandapo.de/abnehmen-fitness-c-2807", "https://www.versandapo.de/abnehmen-c-2808", "https://www.versandapo.de/entschlackung-c-2817", "https://www.versandapo.de/sportlernahrung-c-3545", "https://www.versandapo.de/rauchentwoehnung-c-2818", "https://www.versandapo.de/superfoods-c-3585", "https://www.versandapo.de/kosmetik-pflege-c-3329", "https://www.versandapo.de/kosmetik-marken-c-2571", "https://www.versandapo.de/naturkosmetik-c-4137", "https://www.versandapo.de/gesichtspflege-c-3330", "https://www.versandapo.de/koerperpflege-c-3405", "https://www.versandapo.de/babypflege-c-2698", "https://www.versandapo.de/maennerkosmetik-c-3463", "https://www.versandapo.de/sonnenschutz-c-3471", "https://www.versandapo.de/schoenheit-von-innen-c-3477", "https://www.versandapo.de/wellness-c-3478", "https://www.versandapo.de/tierversuchsfreie-kosmetik-c-4080", "https://www.versandapo.de/tierarzneimittel-c-2819", "https://www.versandapo.de/medikamente-hunde-c-2820", "https://www.versandapo.de/medikamente-katzen-c-2824", "https://www.versandapo.de/selbsttest-c-3700", "https://www.versandapo.de/corona-test-c-6001", "https://www.versandapo.de/alkohol-drogentest-c-3701", "https://www.versandapo.de/hiv-selbsttest-c-3761", "https://www.versandapo.de/chlamydien-test-c-3704", "https://www.versandapo.de/blutzuckertest-c-3705", "https://www.versandapo.de/cholesterin-test-c-3710", "https://www.versandapo.de/darmkrebs-test-c-3711", "https://www.versandapo.de/urintest-stuhltest-c-3712", "https://www.versandapo.de/test-unvertraeglichkeiten-c-3713", "https://www.versandapo.de/schwangerschafts-ovulationstest-c-3717", "https://www.versandapo.de/sonstige-tests-c-3718", "https://www.versandapo.de/krankenpflege-c-3893", "https://www.versandapo.de/aufbaunahrung-c-3328", "https://www.versandapo.de/trinknahrung-c-3915", "https://www.versandapo.de/einnahmehilfen-c-3917", "https://www.versandapo.de/pulver-c-3916", "https://www.versandapo.de/infusions-und-inhalationsloesungen-c-3922", "https://www.versandapo.de/stomaversorgung-c-3926", "https://www.versandapo.de/handschuhe-mundschutz-c-3931", "https://www.versandapo.de/desinfektionsmittel-c-3501", "https://www.versandapo.de/inkontinenz-c-2551", "https://www.versandapo.de/pflegeboxen-c-5002", "https://www.versandapo.de/ratgeber-aspirin-gegen-erkaeltung-c-3578", "https://www.versandapo.de/ratgeber-augentropfen-allergie-c-3494", "https://www.versandapo.de/ratgeber-augentropfen-heuschnupfen-c-3580", "https://www.versandapo.de/ratgeber-blaehbauch-nach-essen-c-3653", "https://www.versandapo.de/ratgeber-creme-sonnenallergie-c-3511", "https://www.versandapo.de/ratgeber-salben-durchblutung-c-3651", "https://www.versandapo.de/ratgeber-fussbad-gegen-fusspilz-c-3630", "https://www.versandapo.de/ratgeber-globuli-blasenentzuendung-c-3504", "https://www.versandapo.de/ratgeber-globuli-erkaeltung-c-3650", "https://www.versandapo.de/ratgeber-halsschmerzen-lindern-c-3493", "https://www.versandapo.de/ratgeber-bindehautentzuendung-c-3502", "https://www.versandapo.de/ratgeber-homoeopathie-sonnenallergie-c-3625", "https://www.versandapo.de/ratgeber-honig-gegen-halsschmerzen-c-3495", "https://www.versandapo.de/ratgeber-ist-hautpilz-ansteckend-c-3506", "https://www.versandapo.de/ratgeber-kohletabletten-durchfall-c-3505", "https://www.versandapo.de/ratgeber-magenschleimhautentzuendung-c-3575", "https://www.versandapo.de/ratgeber-medikamente-magenschmerzen-c-3628", "https://www.versandapo.de/ratgeber-milchzucker-verstopfung-c-3510", "https://www.versandapo.de/ratgeber-homoeopathie-abszesse-c-3626", "https://www.versandapo.de/ratgeber-homoeopathie-regelschmerzen-c-3492", "https://www.versandapo.de/ratgeber-nasenspray-allergien-c-3657", "https://www.versandapo.de/ratgeber-nasenspray-heuschnupfen-c-3652", "https://www.versandapo.de/ratgeber-nelken-gegen-zahnschmerzen-c-3573", "https://www.versandapo.de/ratgeber-nikotinpflaster-c-3491", "https://www.versandapo.de/ratgeber-reiseapotheke-c-3654", "https://www.versandapo.de/ratgeber-salbe-haemorrhoiden-c-3655", "https://www.versandapo.de/ratgeber-salben-abszesse-c-3572", "https://www.versandapo.de/ratgeber-salben-gerstenkorn-c-3624", "https://www.versandapo.de/ratgeber-schuessler-salze-schuppenflechte-c-3579", "https://www.versandapo.de/ratgeber-schuessler-salze-akne-c-3623", "https://www.versandapo.de/ratgeber-schuessler-salze-sodbrennen-c-3629", "https://www.versandapo.de/ratgeber-tabletten-allergien-c-3656", "https://www.versandapo.de/ratgeber-tabletten-sonnenallergie-c-3508", "https://www.versandapo.de/ratgeber-tee-magenschmerzen-c-3509", "https://www.versandapo.de/ratgeber-teebaumoel-herpes-c-3503", "https://www.versandapo.de/ratgeber-salbe-gegen-phimose-c-3507", "https://www.versandapo.de/ratgeber-zaepfchen-haemorrhoiden-c-3576", "https://www.versandapo.de/ratgeber-zaepfchen-verstopfung-ratgeber-c-3658", "https://www.versandapo.de/", "https://www.versandapo.de/ratgeber-globuli-erkaeltung-c-3650?layout=list", "javascript:void(0);", "javascript:void(0);", "javascript:void(0);", "javascript:void(0);", "javascript:void(0);", "javascript:void(0);", "javascript:void(0);", "javascript:void(0);", "https://www.versandapo.de/arnica-d12-globuli-dhu-10g-pzn-02110230", "https://www.versandapo.de/arnica-d12-globuli-dhu-10g-pzn-02110230", "https://www.versandapo.de/arnica-d12-globuli-dhu-10g-pzn-02110230", "https://www.versandapo.de/arnica-d12-globuli-dhu-10g-pzn-02110230/erfahrungen", "https://www.versandapo.de/arnica-d12-globuli-dhu-10g-pzn-02110230", "https://www.versandapo.de/arnica-d12-globuli-dhu-10g-pzn-02110230", "https://www.versandapo.de/agropyron-globuli-velati-20g-pzn-01447861", "https://www.versandapo.de/agropyron-globuli-velati-20g-pzn-01447861", "https://www.versandapo.de/agropyron-globuli-velati-20g-pzn-01447861", "https://www.versandapo.de/agropyron-globuli-velati-20g-pzn-01447861/erfahrungen", "https://www.versandapo.de/agropyron-globuli-velati-20g-pzn-01447861", "https://www.versandapo.de/agropyron-globuli-velati-20g-pzn-01447861", "https://www.versandapo.de/arnica-d6-globuli-dhu-10g-pzn-01758443", "https://www.versandapo.de/arnica-d6-globuli-dhu-10g-pzn-01758443", "https://www.versandapo.de/arnica-d6-globuli-dhu-10g-pzn-01758443", "https://www.versandapo.de/arnica-d6-globuli-dhu-10g-pzn-01758443/erfahrungen", "https://www.versandapo.de/arnica-d6-globuli-dhu-10g-pzn-01758443", "https://www.versandapo.de/arnica-d6-globuli-dhu-10g-pzn-01758443", "https://www.versandapo.de/nux-vomica-d12-globuli-10g-pzn-01780862", "https://www.versandapo.de/nux-vomica-d12-globuli-10g-pzn-01780862", "https://www.versandapo.de/nux-vomica-d12-globuli-10g-pzn-01780862", "https://www.versandapo.de/nux-vomica-d12-globuli-10g-pzn-01780862/erfahrungen", "https://www.versandapo.de/nux-vomica-d12-globuli-10g-pzn-01780862", "https://www.versandapo.de/nux-vomica-d12-globuli-10g-pzn-01780862", "https://www.versandapo.de/apis-belladonna-globuli-velati-20g-pzn-00084882", "https://www.versandapo.de/apis-belladonna-globuli-velati-20g-pzn-00084882", "https://www.versandapo.de/apis-belladonna-globuli-velati-20g-pzn-00084882", "https://www.versandapo.de/apis-belladonna-globuli-velati-20g-pzn-00084882", "https://www.versandapo.de/apis-belladonna-globuli-velati-20g-pzn-00084882", "https://www.versandapo.de/dhu-taschenapotheke-globuli-32x1g-pzn-02640407", "https://www.versandapo.de/dhu-taschenapotheke-globuli-32x1g-pzn-02640407", "https://www.versandapo.de/dhu-taschenapotheke-globuli-32x1g-pzn-02640407", "https://www.versandapo.de/dhu-taschenapotheke-globuli-32x1g-pzn-02640407/erfahrungen", "https://www.versandapo.de/dhu-taschenapotheke-globuli-32x1g-pzn-02640407", "https://www.versandapo.de/dhu-taschenapotheke-globuli-32x1g-pzn-02640407", "https://www.versandapo.de/nux-vomica-d6-globuli-10g-pzn-01780856", "https://www.versandapo.de/nux-vomica-d6-globuli-10g-pzn-01780856", "https://www.versandapo.de/nux-vomica-d6-globuli-10g-pzn-01780856", "https://www.versandapo.de/nux-vomica-d6-globuli-10g-pzn-01780856/erfahrungen", "https://www.versandapo.de/nux-vomica-d6-globuli-10g-pzn-01780856", "https://www.versandapo.de/nux-vomica-d6-globuli-10g-pzn-01780856", "https://www.versandapo.de/pulsatilla-d12-globuli-10g-pzn-01782944", "https://www.versandapo.de/pulsatilla-d12-globuli-10g-pzn-01782944", "https://www.versandapo.de/pulsatilla-d12-globuli-10g-pzn-01782944", "https://www.versandapo.de/pulsatilla-d12-globuli-10g-pzn-01782944/erfahrungen", "https://www.versandapo.de/pulsatilla-d12-globuli-10g-pzn-01782944", "https://www.versandapo.de/pulsatilla-d12-globuli-10g-pzn-01782944", "https://www.versandapo.de/rhus-tox-d12-globuli-10g-pzn-01783731", "https://www.versandapo.de/rhus-tox-d12-globuli-10g-pzn-01783731", "https://www.versandapo.de/rhus-tox-d12-globuli-10g-pzn-01783731", "https://www.versandapo.de/rhus-tox-d12-globuli-10g-pzn-01783731/erfahrungen", "https://www.versandapo.de/rhus-tox-d12-globuli-10g-pzn-01783731", "https://www.versandapo.de/rhus-tox-d12-globuli-10g-pzn-01783731", "https://www.versandapo.de/ferrum-phosphoricum-d12-globuli-10g-pzn-01770875", "https://www.versandapo.de/ferrum-phosphoricum-d12-globuli-10g-pzn-01770875", "https://www.versandapo.de/ferrum-phosphoricum-d12-globuli-10g-pzn-01770875", "https://www.versandapo.de/ferrum-phosphoricum-d12-globuli-10g-pzn-01770875/erfahrungen", "https://www.versandapo.de/ferrum-phosphoricum-d12-globuli-10g-pzn-01770875", "https://www.versandapo.de/ferrum-phosphoricum-d12-globuli-10g-pzn-01770875", "https://www.versandapo.de/belladonna-d12-globuli-dhu-10g-pzn-01760428", "https://www.versandapo.de/belladonna-d12-globuli-dhu-10g-pzn-01760428", "https://www.versandapo.de/belladonna-d12-globuli-dhu-10g-pzn-01760428", "https://www.versandapo.de/belladonna-d12-globuli-dhu-10g-pzn-01760428/erfahrungen", "https://www.versandapo.de/belladonna-d12-globuli-dhu-10g-pzn-01760428", "https://www.versandapo.de/belladonna-d12-globuli-dhu-10g-pzn-01760428", "https://www.versandapo.de/belladonna-d6-globuli-10g-pzn-01760411", "https://www.versandapo.de/belladonna-d6-globuli-10g-pzn-01760411", "https://www.versandapo.de/belladonna-d6-globuli-10g-pzn-01760411", "https://www.versandapo.de/belladonna-d6-globuli-10g-pzn-01760411/erfahrungen", "https://www.versandapo.de/belladonna-d6-globuli-10g-pzn-01760411", "https://www.versandapo.de/belladonna-d6-globuli-10g-pzn-01760411", "https://www.versandapo.de/silicea-d12-globuli-10g-pzn-01785670", "https://www.versandapo.de/silicea-d12-globuli-10g-pzn-01785670", "https://www.versandapo.de/silicea-d12-globuli-10g-pzn-01785670", "https://www.versandapo.de/silicea-d12-globuli-10g-pzn-01785670", "https://www.versandapo.de/silicea-d12-globuli-10g-pzn-01785670", "https://www.versandapo.de/lycopodium-d12-globuli-10g-pzn-01777506", "https://www.versandapo.de/lycopodium-d12-globuli-10g-pzn-01777506", "https://www.versandapo.de/lycopodium-d12-globuli-10g-pzn-01777506", "https://www.versandapo.de/lycopodium-d12-globuli-10g-pzn-01777506/erfahrungen", "https://www.versandapo.de/lycopodium-d12-globuli-10g-pzn-01777506", "https://www.versandapo.de/lycopodium-d12-globuli-10g-pzn-01777506", "https://www.versandapo.de/apis-mellifica-d12-globuli-10g-pzn-02800992", "https://www.versandapo.de/apis-mellifica-d12-globuli-10g-pzn-02800992", "https://www.versandapo.de/apis-mellifica-d12-globuli-10g-pzn-02800992", "https://www.versandapo.de/apis-mellifica-d12-globuli-10g-pzn-02800992/erfahrungen", "https://www.versandapo.de/apis-mellifica-d12-globuli-10g-pzn-02800992", "https://www.versandapo.de/apis-mellifica-d12-globuli-10g-pzn-02800992", "https://www.versandapo.de/rhus-tox-d6-globuli-10g-pzn-01783725", "https://www.versandapo.de/rhus-tox-d6-globuli-10g-pzn-01783725", "https://www.versandapo.de/rhus-tox-d6-globuli-10g-pzn-01783725", "https://www.versandapo.de/rhus-tox-d6-globuli-10g-pzn-01783725/erfahrungen", "https://www.versandapo.de/rhus-tox-d6-globuli-10g-pzn-01783725", "https://www.versandapo.de/rhus-tox-d6-globuli-10g-pzn-01783725", "https://www.versandapo.de/pulsatilla-d6-globuli-10g-pzn-01782938", "https://www.versandapo.de/pulsatilla-d6-globuli-10g-pzn-01782938", "https://www.versandapo.de/pulsatilla-d6-globuli-10g-pzn-01782938", "https://www.versandapo.de/pulsatilla-d6-globuli-10g-pzn-01782938/erfahrungen", "https://www.versandapo.de/pulsatilla-d6-globuli-10g-pzn-01782938", "https://www.versandapo.de/pulsatilla-d6-globuli-10g-pzn-01782938", "https://www.versandapo.de/apis-mellifica-d6-globuli-10g-pzn-02109876", "https://www.versandapo.de/apis-mellifica-d6-globuli-10g-pzn-02109876", "https://www.versandapo.de/apis-mellifica-d6-globuli-10g-pzn-02109876", "https://www.versandapo.de/apis-mellifica-d6-globuli-10g-pzn-02109876/erfahrungen", "https://www.versandapo.de/apis-mellifica-d6-globuli-10g-pzn-02109876", "https://www.versandapo.de/apis-mellifica-d6-globuli-10g-pzn-02109876", "https://www.versandapo.de/apis-mellifica-c30-globuli-10g-pzn-02890618", "https://www.versandapo.de/apis-mellifica-c30-globuli-10g-pzn-02890618", "https://www.versandapo.de/apis-mellifica-c30-globuli-10g-pzn-02890618", "https://www.versandapo.de/apis-mellifica-c30-globuli-10g-pzn-02890618/erfahrungen", "https://www.versandapo.de/apis-mellifica-c30-globuli-10g-pzn-02890618", "https://www.versandapo.de/apis-mellifica-c30-globuli-10g-pzn-02890618", "https://www.versandapo.de/ignatia-d12-globuli-10g-pzn-02102526", "https://www.versandapo.de/ignatia-d12-globuli-10g-pzn-02102526", "https://www.versandapo.de/ignatia-d12-globuli-10g-pzn-02102526", "https://www.versandapo.de/ignatia-d12-globuli-10g-pzn-02102526", "https://www.versandapo.de/ignatia-d12-globuli-10g-pzn-02102526", "https://www.versandapo.de/advanced_search_result.php?keywords=Elmex", "https://www.versandapo.de/advanced_search_result.php?keywords=Femibion", "https://www.versandapo.de/advanced_search_result.php?keywords=Doppelherz", "https://www.versandapo.de/advanced_search_result.php?keywords=Abtei", "https://www.versandapo.de/advanced_search_result.php?keywords=Basica", "https://www.versandapo.de/advanced_search_result.php?keywords=Aspirin", "https://www.versandapo.de/advanced_search_result.php?keywords=Thermacare", "https://www.versandapo.de/advanced_search_result.php?keywords=Mucosolvan", "https://www.versandapo.de/advanced_search_result.php?keywords=Silomat", "https://www.versandapo.de/advanced_search_result.php?keywords=Wick", "https://www.versandapo.de/advanced_search_result.php?keywords=Priorin", "https://www.versandapo.de/advanced_search_result.php?keywords=Gingium", "https://www.versandapo.de/advanced_search_result.php?keywords=Klosterfrau", "https://www.versandapo.de/advanced_search_result.php?keywords=Frontline", "https://www.versandapo.de/advanced_search_result.php?keywords=Vichy", "https://www.versandapo.de/advanced_search_result.php?keywords=Dhu", "https://www.versandapo.de/advanced_search_result.php?keywords=Anti+brumm", "https://www.versandapo.de/advanced_search_result.php?keywords=Biolectra", "https://www.versandapo.de/zertifiziert", "https://www.versandapo.de/sicherheitsserver", "https://www.aanbiedersmedicijnen.nl/aanbieders/aanbiederslijst/apo-pharmacy-b.v.-2/index", "", "https://www.versandapo.de/zahlungsarten", "https://www.versandapo.de/zahlungsarten", "https://www.versandapo.de/zahlungsarten", "https://www.versandapo.de/zahlungsarten", "https://www.versandapo.de/zahlungsarten", "https://www.versandapo.de/zahlungsarten", "https://www.versandapo.de/liefer-und-versandkosten", "https://www.versandapo.de/liefer-und-versandkosten", "https://www.versandapo.de/show_order_details.php", "https://www.versandapo.de/liefer-und-versandkosten", "https://www.versandapo.de/retouren", "https://www.versandapo.de/kontakt", "https://www.versandapo.de/wechselwirkungscheck", "https://www.versandapo.de/team", "https://www.versandapo.de/liefer-und-versandkosten", "https://www.versandapo.de/geschenkideen-c-1178", "https://www.versandapo.de/rezeptbestellung", "https://www.versandapo.de/datenschutz", "https://www.versandapo.de/online-streitbeilegung", "https://www.versandapo.de/batterieverordnung", "https://www.versandapo.de/agb", "https://www.versandapo.de/impressum"]}