{"title": "Immunst\u00e4rkung Archive - mikro+", "author": null, "url": "https://mikro-plus.de/anwendungsgebiet/immunstarkung/", "hostname": "mikro-plus.de", "description": null, "sitename": "mikro+ Nat\u00fcrlich. Gesund.", "date": "2023-07-22", "id": null, "license": null, "body": null, "comments": "", "commentsbody": null, "raw_text": null, "text": "Immunst\u00e4rkung Entdecken Sie unsere mikro+ Produkte f\u00fcr Jung und Alt.\nProduktfilter\n[](https://mikro-plus.de/produkt/aufbau-pulver/)\nAufbau-Pulver\n\u20ac49,90 inkl. MwSt.\n750g (66,53\u20ac/kg)\n750g (66,53\u20ac/kg)\n[](https://mikro-plus.de/produkt/basen-komplex/)\nBasen-Komplex\n\u20ac24,90 inkl. MwSt.\n96,4g (255,91\u20ac/kg) | 180 Kapseln\n96,4g (255,91\u20ac/kg) | 180 Kapseln\n[](https://mikro-plus.de/produkt/darm-bakterien-drops-junior/)\nDarm-Bakterien-Drops Junior\ninkl. MwSt.\n85,12g (468,75\u20ac/kg) | 180 Kapseln\n85,12g (468,75\u20ac/kg) | 180 Kapseln\n[](https://mikro-plus.de/produkt/darm-bakterien-komplex/)\nDarm-Bakterien-Komplex\n\u20ac29,90 inkl. MwSt.\n67,9g (410,71\u20ac/kg) | 90 Kapseln\n67,9g (410,71\u20ac/kg) | 90 Kapseln\n[](https://mikro-plus.de/produkt/energie-komplex-natur/)\nEnergie-Komplex Natur\n\u20ac29,90 inkl. MwSt.\n64,3g (465,01\u20ac/kg) | 90 Kapseln\n64,3g (465,01\u20ac/kg) | 90 Kapseln\n[](https://mikro-plus.de/produkt/entspannungs-komplex-natur/)\nEntspannungs-Komplex Natur\ninkl. MwSt.\n77,2g (387,31\u20ac/kg) | 90 Kapseln\n77,2g (387,31\u20ac/kg) | 90 Kapseln\n[](https://mikro-plus.de/produkt/entzuendungs-komplex-natur/)\nEntz\u00fcndungs-Komplex Natur\n\u20ac29,90 inkl. MwSt.\n44,2g (676,47\u20ac/kg) | 60 Kapseln\n44,2g (676,47\u20ac/kg) | 60 Kapseln\n[](https://mikro-plus.de/produkt/enzym-komplex-natur/)\nEnzym-Komplex Natur\n\u20ac39,90 inkl. MwSt.\n53,6g (744,40\u20ac/kg) | 120 Kapseln\n53,6g (744,40\u20ac/kg) | 120 Kapseln\n[](https://mikro-plus.de/produkt/immun-komplex-natur/)\nImmun-Komplex Natur\n\u20ac29,90 inkl. MwSt.\n45,9g (651,42\u20ac/kg) | 60 Kapseln\n45,9g (651,42\u20ac/kg) | 60 Kapseln\n[](https://mikro-plus.de/produkt/knochen-komplex-natur/)\nKnochen-Komplex Natur\n\u20ac29,90 inkl. MwSt.\n47,1g (634,82\u20ac/kg) | 120 Kapseln\n47,1g (634,82\u20ac/kg) | 120 Kapseln\n[](https://mikro-plus.de/produkt/leber-komplex-natur/)\nLeber-Komplex Natur\n\u20ac39,90 inkl. MwSt.\n70,2g (568,38\u20ac/kg) | 90 Kapseln\n70,2g (568,38\u20ac/kg) | 90 Kapseln\n[](https://mikro-plus.de/produkt/mineralien-komplex/)\nMineralien-Komplex\n\u20ac24,90 inkl. MwSt.\n94,9g (262,66\u20ac/kg) | 120 Kapseln\n94,9g (262,66\u20ac/kg) | 120 Kapseln\n[](https://mikro-plus.de/produkt/pflanzenstoff-komplex-natur/)\nPflanzenstoff-Komplex Natur\n\u20ac39,90 inkl. MwSt.\n60,8g (656,25\u20ac/kg) | 120 Kapseln\n60,8g (656,25\u20ac/kg) | 120 Kapseln\n[](https://mikro-plus.de/produkt/vitamin-b-komplex/)\nVitamin-B-Komplex\n\u20ac24,90 inkl. MwSt.\n29,2g (844,07\u20ac/kg) | 60 Kapseln\n29,2g (844,07\u20ac/kg) | 60 Kapseln\n[](https://mikro-plus.de/produkt/vitamin-c-komplex/)\nVitamin-C-Komplex Natur\n\u20ac24,90 inkl. MwSt.\n98,1g (253,82\u20ac/kg) | 120 Kapseln\n98,1g (253,82\u20ac/kg) | 120 Kapseln\n[](https://mikro-plus.de/produkt/vitamin-d-komplex/)\nVitamin-D-Komplex\n\u20ac19,90 inkl. MwSt.\n48,6g (409,47\u20ac/kg) | 120 Kapseln\n48,6g (409,47\u20ac/kg) | 120 Kapseln\n[](https://mikro-plus.de/produkt/zeolith-pulver/)\nZeolith-Pulver\n\u20ac39,90 inkl. MwSt.\n180g (221,67\u20ac/kg)\n180g (221,67\u20ac/kg)", "language": null, "image": null, "pagetype": "object", "links": ["http://eepurl.com/inLzcE", "https://mikro-plus.de/mein-konto/", "https://mikro-plus.de/", "https://mikro-plus.de/qualitaet/", "https://www.trustedshops.de/bewertung/info_X726B7A276335B7712E0307395FDF3CE2.html", "https://mikro-plus.de/", "https://mikro-plus.de/philosophie/", "/philosophie/#hintergrund", "/philosophie/#vision", "/philosophie/#behandlungskonzept", "/philosophie/#warum", "/philosophie/#unsereziele", "/philosophie/#planeten", "https://mikro-plus.de/qualitaet/", "https://mikro-plus.de/therapeuten/", "https://mikro-plus.de/unsere-produkte/", "https://mikro-plus.de/omega-3/", "https://mikro-plus.de/blog/", "https://mikro-plus.de/", "https://www.trustedshops.de/bewertung/info_X726B7A276335B7712E0307395FDF3CE2.html", "https://mikro-plus.de/mein-konto/", "https://mikro-plus.de/mein-warenkorb/", "https://mikro-plus.de/", "https://mikro-plus.de/philosophie/", "/philosophie/#hintergrund", "/philosophie/#vision", "/philosophie/#behandlungskonzept", "/philosophie/#warum", "/philosophie/#unsereziele", "/philosophie/#planeten", "https://mikro-plus.de/qualitaet/", "https://mikro-plus.de/therapeuten/", "https://mikro-plus.de/unsere-produkte/", "https://mikro-plus.de/omega-3/", "https://mikro-plus.de/blog/", "https://mikro-plus.de/produkt/aufbau-pulver/", "https://mikro-plus.de/produkt/aufbau-pulver/", "https://mikro-plus.de/product-category/mikronahrstoff-komplexe/", "https://mikro-plus.de/produkt/basen-komplex/", "https://mikro-plus.de/produkt/basen-komplex/", "https://mikro-plus.de/product-category/mikronahrstoff-komplexe/", "https://mikro-plus.de/produkt/darm-bakterien-drops-junior/", "https://mikro-plus.de/produkt/darm-bakterien-drops-junior/", "https://mikro-plus.de/product-category/produkte-kinder/", "https://mikro-plus.de/produkt/darm-bakterien-komplex/", "https://mikro-plus.de/produkt/darm-bakterien-komplex/", "https://mikro-plus.de/product-category/mikronahrstoff-komplexe/", "https://mikro-plus.de/produkt/energie-komplex-natur/", "https://mikro-plus.de/produkt/energie-komplex-natur/", "https://mikro-plus.de/product-category/natur-komplexe/", "https://mikro-plus.de/produkt/entspannungs-komplex-natur/", "https://mikro-plus.de/produkt/entspannungs-komplex-natur/", "https://mikro-plus.de/product-category/natur-komplexe/", "https://mikro-plus.de/produkt/entzuendungs-komplex-natur/", "https://mikro-plus.de/produkt/entzuendungs-komplex-natur/", "https://mikro-plus.de/product-category/natur-komplexe/", "https://mikro-plus.de/produkt/enzym-komplex-natur/", "https://mikro-plus.de/produkt/enzym-komplex-natur/", "https://mikro-plus.de/product-category/natur-komplexe/", "https://mikro-plus.de/produkt/immun-komplex-natur/", "https://mikro-plus.de/produkt/immun-komplex-natur/", "https://mikro-plus.de/product-category/natur-komplexe/", "https://mikro-plus.de/produkt/knochen-komplex-natur/", "https://mikro-plus.de/produkt/knochen-komplex-natur/", "https://mikro-plus.de/product-category/natur-komplexe/", "https://mikro-plus.de/produkt/leber-komplex-natur/", "https://mikro-plus.de/produkt/leber-komplex-natur/", "https://mikro-plus.de/product-category/natur-komplexe/", "https://mikro-plus.de/produkt/mineralien-komplex/", "https://mikro-plus.de/produkt/mineralien-komplex/", "https://mikro-plus.de/product-category/mikronahrstoff-komplexe/", "https://mikro-plus.de/produkt/pflanzenstoff-komplex-natur/", "https://mikro-plus.de/produkt/pflanzenstoff-komplex-natur/", "https://mikro-plus.de/product-category/natur-komplexe/", "https://mikro-plus.de/produkt/vitamin-b-komplex/", "https://mikro-plus.de/produkt/vitamin-b-komplex/", "https://mikro-plus.de/product-category/mikronahrstoff-komplexe/", "https://mikro-plus.de/produkt/vitamin-c-komplex/", "https://mikro-plus.de/produkt/vitamin-c-komplex/", "https://mikro-plus.de/product-category/natur-komplexe/", "https://mikro-plus.de/produkt/vitamin-d-komplex/", "https://mikro-plus.de/produkt/vitamin-d-komplex/", "https://mikro-plus.de/product-category/mikronahrstoff-komplexe/", "https://mikro-plus.de/produkt/zeolith-pulver/", "https://mikro-plus.de/produkt/zeolith-pulver/", "https://mikro-plus.de/product-category/medizinprodukt-klasse-i/", "https://mikro-plus.de/kuehler-kopf-copy/", "https://mikro-plus.de/category/ernaehrung/", "https://mikro-plus.de/kuehler-kopf-copy/", "https://mikro-plus.de/kuehler-kopf-copy/", "https://mikro-plus.de/regenbogen-essen/", "https://mikro-plus.de/category/gesundheit/", "https://mikro-plus.de/regenbogen-essen/", "https://mikro-plus.de/regenbogen-essen/", "https://mikro-plus.de/kuehler-kopf/", "https://mikro-plus.de/category/gesundheit/", "https://mikro-plus.de/kuehler-kopf/", "https://mikro-plus.de/kuehler-kopf/", "https://www.dpdhl.com/de/verantwortung/umweltschutz/gruene-produkte-services/klimaschutzprojekte.html", "https://www.co2neutralwebsite.de/crt/dispcust/c/5157/l/4", "https://www.trustedshops.de/bewertung/info_X726B7A276335B7712E0307395FDF3CE2.html", "https://www.it-recht-kanzlei.de/Service/pruefzeichen.php?sid=1e5fb-d7ec", "https://www.fairness-im-handel.de", "https://nem-ev.de/", "https://mikro-plus.de/kontakt/", "https://mikro-plus.de/faq/", "https://mikro-plus.de/versandkosten/", "https://mikro-plus.de/infomaterial/", "https://mikro-plus.de/datenschutz/", "https://mikro-plus.de/impressum/", "https://mikro-plus.de/allgemeine-geschaeftsbedingungen/", "https://mikro-plus.de/wiederrufsbelehrung/", "https://www.facebook.com/mikronaehrstoffe/", "https://www.pinterest.de/mikronaehrstoffe/", "https://www.instagram.com/mikronaehrstoffe/"]}