{"title": "Haare/Haut/N\u00e4gel Apotheke.de - Online Apotheke im Internet, g\u00fcnstige Medikamente kaufen in der Versandapotheke!", "author": "Versandapotheke apotheke de", "url": "https://www.apotheke.de/haut-haare-naegel-c-1141", "hostname": "apotheke.de", "description": "Aufbaupr\u00e4parate Haare / Haut / N\u00e4gel", "sitename": "apotheke.de", "date": "2015-02-12", "id": null, "license": null, "body": null, "comments": "", "commentsbody": null, "raw_text": null, "text": "Haare/Haut/N\u00e4gel\n[...mehr zu \"Haare/Haut/N\u00e4gel\" lesen...](https://www.apotheke.de/haut-haare-naegel-c-1141#mehr_lesen) [\n5,55*\n4,99*\n](https://www.apotheke.de/kieselerde-plus-kapseln-60stk-pzn-08635353) [\nPZN 08635353\n(GP*: 189,01\u20ac/1 kg)\n](https://www.apotheke.de/kieselerde-plus-kapseln-60stk-pzn-08635353) [\n](https://www.apotheke.de/kieselerde-plus-kapseln-60stk-pzn-08635353)\n- Nat\u00fcrliche Neuburger Kieselerde\n- Hoher Gehalt an Silicium\n- Enth\u00e4lt Biotin f\u00fcr die Aufrechterhaltung normaler Haut und Haare\n- Mit Calcium f\u00fcr Zellteilung, Zelldifferenzierung und feste Knochen\n- Hergestellt in Deutschland\nBestellungen die Mo-Fr bis 16:00 Uhr eingehen verlassen in der Regel noch am selben Tag unser Haus.\nDie Lieferzeit Ihrer Bestellung richtet sich nach dem Artikel mit der l\u00e4ngsten Lieferzeitangabe.\n[\n9,19*\n7,79*\n](https://www.apotheke.de/kieselerde-biotin-kapseln-60stk-pzn-08869677) [\nPZN 08869677\n(GP*: 295,07\u20ac/1 kg)\n](https://www.apotheke.de/kieselerde-biotin-kapseln-60stk-pzn-08869677) [\n](https://www.apotheke.de/kieselerde-biotin-kapseln-60stk-pzn-08869677)\n- Nat\u00fcrliche Neuburger Kieselerde\n- Besonders hoher Gehalt an Silicium\n- Enth\u00e4lt Biotin f\u00fcr die Aufrechterhaltung normaler Haut und Haare\n- Mit Calcium f\u00fcr Zellteilung, Zelldifferenzierung und feste Knochen\n- Hergestellt in Deutschland\nBestellungen die Mo-Fr bis 16:00 Uhr eingehen verlassen in der Regel noch am selben Tag unser Haus.\nDie Lieferzeit Ihrer Bestellung richtet sich nach dem Artikel mit der l\u00e4ngsten Lieferzeitangabe.\n[\n31,70*\n15,99*\n](https://www.apotheke.de/haut-haare-naegel-kapseln-von-apo-discounter-120stk-pzn-17174448) [\nPZN 17174448\n(GP*: 273,33\u20ac/1 kg)\n](https://www.apotheke.de/haut-haare-naegel-kapseln-von-apo-discounter-120stk-pzn-17174448) [\n](https://www.apotheke.de/haut-haare-naegel-kapseln-von-apo-discounter-120stk-pzn-17174448)\n- Mit Vitaminen und Mineralien\n- Kapseln mit Coffein aus dem Extrakt gr\u00fcnen Tees angereichert\n- Zink, Biotin und Selen tragen zur Erhaltung normaler Haut bei\nBestellungen die Mo-Fr bis 16:00 Uhr eingehen verlassen in der Regel noch am selben Tag unser Haus.\nDie Lieferzeit Ihrer Bestellung richtet sich nach dem Artikel mit der l\u00e4ngsten Lieferzeitangabe.\n[\n69,99*\n25,99*\n](https://www.apotheke.de/beauty-kollagen-trinkampullen-mit-hochdosierter-hyaluronsaeure-28x25ml-pzn-18438843) [\nPZN 18438843\n(GP*: 37,12\u20ac/1 l)\n](https://www.apotheke.de/beauty-kollagen-trinkampullen-mit-hochdosierter-hyaluronsaeure-28x25ml-pzn-18438843) [\n](https://www.apotheke.de/beauty-kollagen-trinkampullen-mit-hochdosierter-hyaluronsaeure-28x25ml-pzn-18438843)\n- Nat\u00fcrliche Sch\u00f6nheit von innen\n- Hochdosiertes Kollagenhydrolysat und Hyalurons\u00e4ure\n- Unterst\u00fctzt das Kollagenger\u00fcst der Haut\n- Angenehmer Beerengeschmack\n- Mit Vitamin C, Vitamin B2, Biotin, Selen und Zink\nBestellungen die Mo-Fr bis 16:00 Uhr eingehen verlassen in der Regel noch am selben Tag unser Haus.\nDie Lieferzeit Ihrer Bestellung richtet sich nach dem Artikel mit der l\u00e4ngsten Lieferzeitangabe.\n[\n74,99*\n26,31*\n](https://www.apotheke.de/sensetics-vitalize-beauty-kollagen-trinkampullen-28x25ml-pzn-18438866) [\nPZN 18438866\n(GP*: 37,58\u20ac/1 l)\n](https://www.apotheke.de/sensetics-vitalize-beauty-kollagen-trinkampullen-28x25ml-pzn-18438866) [\n](https://www.apotheke.de/sensetics-vitalize-beauty-kollagen-trinkampullen-28x25ml-pzn-18438866)\n- Trinkampullen mit hochdosiertem Kollagen und Hyalurons\u00e4ure\n- Mit Vitamin C, Vitamin B2, Biotin, Selen und Zink\n- Unterst\u00fctzung bei Kollagenverlust\n- F\u00f6rderung der nat\u00fcrlichen Sch\u00f6nheit\n- Mit angenehmen Beeren-Geschmack\nBestellungen die Mo-Fr bis 16:00 Uhr eingehen verlassen in der Regel noch am selben Tag unser Haus.\nDie Lieferzeit Ihrer Bestellung richtet sich nach dem Artikel mit der l\u00e4ngsten Lieferzeitangabe.\n[\n36,99*\n12,99*\n](https://www.apotheke.de/anti-aging-komplex-kapseln-mit-hyaluron-und-q10-60stk-pzn-18729032) [\nPZN 18729032\n(GP*: 386,60\u20ac/1 kg)\n](https://www.apotheke.de/anti-aging-komplex-kapseln-mit-hyaluron-und-q10-60stk-pzn-18729032) [\n](https://www.apotheke.de/anti-aging-komplex-kapseln-mit-hyaluron-und-q10-60stk-pzn-18729032)\n- F\u00fcr eine strahlende Haut\n- Vitamin A, Biotin und Zink tragen zum Erhalt normaler Haut und Sehkraft bei\n- Vitamin C tr\u00e4gt zur normalen Kollagenbildung f\u00fcr eine normale Funktion der Haut, Knochen, Knorpel, Z\u00e4hne und Blutgef\u00e4\u00dfe bei\n- Vitamin C, E und Zink tragen dazu bei, die Zellen vor oxidativem Stress zu sch\u00fctzen\nBestellungen die Mo-Fr bis 16:00 Uhr eingehen verlassen in der Regel noch am selben Tag unser Haus.\nDie Lieferzeit Ihrer Bestellung richtet sich nach dem Artikel mit der l\u00e4ngsten Lieferzeitangabe.\n[\n39,99*\n16,20*\n](https://www.apotheke.de/sensetics-vitalize-beauty-kollagen-trinkampullen-14x25ml-pzn-18438872) [\nPZN 18438872\n(GP*: 46,28\u20ac/1 l)\n](https://www.apotheke.de/sensetics-vitalize-beauty-kollagen-trinkampullen-14x25ml-pzn-18438872) [\n](https://www.apotheke.de/sensetics-vitalize-beauty-kollagen-trinkampullen-14x25ml-pzn-18438872)\n- Trinkampullen mit hochdosiertem Kollagen und Hyalurons\u00e4ure\n- Mit Vitamin C, Vitamin B2, Biotin, Selen und Zink\n- Unterst\u00fctzung bei Kollagenverlust\n- F\u00f6rderung der nat\u00fcrlichen Sch\u00f6nheit\n- Mit angenehmen Beeren-Geschmack\nBestellungen die Mo-Fr bis 16:00 Uhr eingehen verlassen in der Regel noch am selben Tag unser Haus.\nDie Lieferzeit Ihrer Bestellung richtet sich nach dem Artikel mit der l\u00e4ngsten Lieferzeitangabe.\n[\n91,99*\n85,99*\n](https://www.apotheke.de/priorin-kapseln-bei-haarausfall-270stk-pzn-15266092) [\nPZN 15266092\n(GP*: 406,18\u20ac/1 kg)\n](https://www.apotheke.de/priorin-kapseln-bei-haarausfall-270stk-pzn-15266092) [\n](https://www.apotheke.de/priorin-kapseln-bei-haarausfall-270stk-pzn-15266092)\n- Big Pack mit 270 Kapseln - 12 Wochen Kur\n- Zum Di\u00e4tmanagement bei hormonell erblich bedingtem Haarausfall und Haarwachstums-st\u00f6rungen bei Frauen\n- Nat\u00fcrliche 3-fach-Formel aus Hirseextrakt, Vitamin B5 und Cystin n\u00e4hrt die Haarwurzeln von innen\n- F\u00fcr mehr Haarwachstum und volleres, kr\u00e4ftigeres Haar\n- F\u00fcr sichtbare Verbesserungen schon nach 12 Wochen*\nBestellungen die Mo-Fr bis 16:00 Uhr eingehen verlassen in der Regel noch am selben Tag unser Haus.\nDie Lieferzeit Ihrer Bestellung richtet sich nach dem Artikel mit der l\u00e4ngsten Lieferzeitangabe.\n[\n47,99*\n47,99*\n](https://www.apotheke.de/priorin-kapseln-bei-haarausfall-120stk-pzn-04002065) [\nPZN 04002065\n(GP*: 510,53\u20ac/1 kg)\n](https://www.apotheke.de/priorin-kapseln-bei-haarausfall-120stk-pzn-04002065) [\n](https://www.apotheke.de/priorin-kapseln-bei-haarausfall-120stk-pzn-04002065)\n- Zum Di\u00e4tmanagement bei hormonell erblich bedingtem Haarausfall und Haarwachstumsst\u00f6rungen bei Frauen\n- Nat\u00fcrliche 3-fach-Formel aus Hirseextrakt, Vitamin B5 und Cystin n\u00e4hrt die Haarwurzeln von innen\n- Unterst\u00fctzt das Haarwachstum\n- Tr\u00e4gt zu vollerem und kr\u00e4ftigerem Haar bei\n- Einfache und praktische Anwendung\nBestellungen die Mo-Fr bis 16:00 Uhr eingehen verlassen in der Regel noch am selben Tag unser Haus.\nDie Lieferzeit Ihrer Bestellung richtet sich nach dem Artikel mit der l\u00e4ngsten Lieferzeitangabe.\n[\n17,59*\n15,59*\n](https://www.apotheke.de/magnesium-verla-40mg-n-dragees-200stk-pzn-04911945) [\nPZN 04911945\n](https://www.apotheke.de/magnesium-verla-40mg-n-dragees-200stk-pzn-04911945) [\n](https://www.apotheke.de/magnesium-verla-40mg-n-dragees-200stk-pzn-04911945)\n- Organische Magnesiumverbindungen f\u00fcr eine gute Aufnahme im K\u00f6rper\n- Mit 40 mg Magnesium je Drag\u00e9e\n- Leicht zu schluckende Drag\u00e9es, individuell dosierbar\n- Bei Magnesiummangel z.B. in der Schwangerschaft, Stillzeit, Diabetes, Sport, Stress\n- Magnesiummangel kann verschiedene Beschwerden hervorrufen, wie vorzeitige Wehen, Kr\u00e4mpfe, Verspannungen, Lidzucken, Nervosit\u00e4t, Kopfschmerzen und Schlafst\u00f6rungen\nBestellungen die Mo-Fr bis 16:00 Uhr eingehen verlassen in der Regel noch am selben Tag unser Haus.\nDie Lieferzeit Ihrer Bestellung richtet sich nach dem Artikel mit der l\u00e4ngsten Lieferzeitangabe.\n[\n32,49*\n23,99*\n](https://www.apotheke.de/zinkorot-25-mg-tabletten-100stk-pzn-18082903) [\nPZN 18082903\n](https://www.apotheke.de/zinkorot-25-mg-tabletten-100stk-pzn-18082903) [\n](https://www.apotheke.de/zinkorot-25-mg-tabletten-100stk-pzn-18082903)\n- Unterst\u00fctzt das Immunsystem bei Zinkmangel\n- Nur 1 Tablette t\u00e4glich\n- Vegan, laktosefrei, glutenfrei und gelatinefrei\nBestellungen die Mo-Fr bis 16:00 Uhr eingehen verlassen in der Regel noch am selben Tag unser Haus.\nDie Lieferzeit Ihrer Bestellung richtet sich nach dem Artikel mit der l\u00e4ngsten Lieferzeitangabe.\n[\n21,10*\n15,99*\n](https://www.apotheke.de/zinkorotat-pos-100stk-pzn-06340903) [\nPZN 06340903\n](https://www.apotheke.de/zinkorotat-pos-100stk-pzn-06340903) [\n](https://www.apotheke.de/zinkorotat-pos-100stk-pzn-06340903)\n- Zur Vorbeugung von Zinkmangel\n- St\u00e4rkt Haut, Haare, N\u00e4gel und st\u00e4rkt das Immunsystem und die Abwehrkr\u00e4fte\n- Magenschonend und gut vertr\u00e4glich\n- F\u00fcr Erwachsene und Kinder ab 4 Jahren geeignet\n- Bei Zinkmangel in Schwangerschaft und Stillzeit geeignet\nBestellungen die Mo-Fr bis 16:00 Uhr eingehen verlassen in der Regel noch am selben Tag unser Haus.\nDie Lieferzeit Ihrer Bestellung richtet sich nach dem Artikel mit der l\u00e4ngsten Lieferzeitangabe.\n[\n99,00*\n70,99*\n](https://www.apotheke.de/elasten-trinkampullen-28stk-pzn-10048806) [\nPZN 10048806\n(GP*: 101,41\u20ac/1 l)\n](https://www.apotheke.de/elasten-trinkampullen-28stk-pzn-10048806) [\n](https://www.apotheke.de/elasten-trinkampullen-28stk-pzn-10048806)\n- Strahlendes Aussehen & nat\u00fcrliche Sch\u00f6nheit\n- Einzigartiger Kollagen-Komplex\n- Hautpflege von Innen\n- Praktische Trinkampullen\nBestellungen die Mo-Fr bis 16:00 Uhr eingehen verlassen in der Regel noch am selben Tag unser Haus.\nDie Lieferzeit Ihrer Bestellung richtet sich nach dem Artikel mit der l\u00e4ngsten Lieferzeitangabe.\n[\n47,95*\n42,99*\n](https://www.apotheke.de/mucozink-pulver-600g-pzn-02019819) [\nPZN 02019819\n(GP*: 71,65\u20ac/1 kg)\n](https://www.apotheke.de/mucozink-pulver-600g-pzn-02019819) [\n](https://www.apotheke.de/mucozink-pulver-600g-pzn-02019819)\n- Enth\u00e4lt Vitamine, Mineralstoffe sowie Glutamin und Taurin\n- Vitamin A, Vitamin B2, Biotin und Niacin tragen zum Erhalt normaler Haut undSchleimh\u00e4ute bei\n- Vitamin C, Vitamin B2, Vitamin E, Kupfer, Zink und Selen tragen dazu bei, die Zellen vor oxidativem Stress zu sch\u00fctzen\n- Dose mit 600 g (entspricht 30 Tagesportionen)\nBestellungen die Mo-Fr bis 16:00 Uhr eingehen verlassen in der Regel noch am selben Tag unser Haus.\nDie Lieferzeit Ihrer Bestellung richtet sich nach dem Artikel mit der l\u00e4ngsten Lieferzeitangabe.\n[\n35,45*\n32,99*\n](https://www.apotheke.de/aminocarin-kapseln-120stk-pzn-08747371) [\nPZN 08747371\n(GP*: 574,73\u20ac/1 kg)\n](https://www.apotheke.de/aminocarin-kapseln-120stk-pzn-08747371) [\n](https://www.apotheke.de/aminocarin-kapseln-120stk-pzn-08747371)\n- Nahrungserg\u00e4nzung f\u00fcr Haare und N\u00e4gel\n- Unterst\u00fctzt Haarwachstum und -f\u00fclle\n- F\u00fcr sch\u00f6ne, feste N\u00e4gel\nBestellungen die Mo-Fr bis 16:00 Uhr eingehen verlassen in der Regel noch am selben Tag unser Haus.\nDie Lieferzeit Ihrer Bestellung richtet sich nach dem Artikel mit der l\u00e4ngsten Lieferzeitangabe.\n[\n19,90*\n19,90*\n](https://www.apotheke.de/ducray-kelual-ds-anti-schuppen-shampoo-100ml-pzn-02894355) [\nPZN 02894355\n(GP*: 199,00\u20ac/1 l)\n](https://www.apotheke.de/ducray-kelual-ds-anti-schuppen-shampoo-100ml-pzn-02894355) [\n](https://www.apotheke.de/ducray-kelual-ds-anti-schuppen-shampoo-100ml-pzn-02894355)\n- Shampoo bei juckender Kopfhaut\n- Beseitigt Schuppen lang anhaltend\n- Beruhigt sofort den Juckreiz\n- Bei seborrhoischem Ekzem\nBestellungen die Mo-Fr bis 16:00 Uhr eingehen verlassen in der Regel noch am selben Tag unser Haus.\nDie Lieferzeit Ihrer Bestellung richtet sich nach dem Artikel mit der l\u00e4ngsten Lieferzeitangabe.\n[\n18,45*\n15,29*\n](https://www.apotheke.de/eucerin-dermocapillaire-kopfhautberuhurea-shampoo-250ml-pzn-09508059) [\nPZN 09508059\n(GP*: 61,16\u20ac/1 l)\n](https://www.apotheke.de/eucerin-dermocapillaire-kopfhautberuhurea-shampoo-250ml-pzn-09508059) [\n](https://www.apotheke.de/eucerin-dermocapillaire-kopfhautberuhurea-shampoo-250ml-pzn-09508059)\n- Shampoo f\u00fcr trockene, juckende Kopfhaut\n- Beruhigt die Kopfhaut\n- Mindert den Juckreiz\n- Sch\u00fctzt die Kopfhaut vor Irritationen und weiterem Austrocknen\n- Auch bei Neurodermitis und Psoriasis\nBestellungen die Mo-Fr bis 16:00 Uhr eingehen verlassen in der Regel noch am selben Tag unser Haus.\nDie Lieferzeit Ihrer Bestellung richtet sich nach dem Artikel mit der l\u00e4ngsten Lieferzeitangabe.\n[\n52,75*\n40,99*\n](https://www.apotheke.de/sikapur-kieselsaeure-softgel-kapseln-mit-biotin-90stk-pzn-09923835) [\nPZN 09923835\n(GP*: 409,90\u20ac/1 kg)\n](https://www.apotheke.de/sikapur-kieselsaeure-softgel-kapseln-mit-biotin-90stk-pzn-09923835) [\n](https://www.apotheke.de/sikapur-kieselsaeure-softgel-kapseln-mit-biotin-90stk-pzn-09923835)\n- Nahrungserg\u00e4nzungsmittel mir Zink, Mangan, Selen, Biotin sowie Silicium\n- Wichtige Spurenelemente zum unterst\u00fctzen der Sch\u00f6nheit von innen\n- Biotin tr\u00e4gt zur Erhaltung von Haut und Haare bei\nBestellungen die Mo-Fr bis 16:00 Uhr eingehen verlassen in der Regel noch am selben Tag unser Haus.\nDie Lieferzeit Ihrer Bestellung richtet sich nach dem Artikel mit der l\u00e4ngsten Lieferzeitangabe.\n[\n16,49*\n16,39*\n](https://www.apotheke.de/priorin-kapseln-bei-haarausfall-30stk-pzn-04002059) [\nPZN 04002059\n(GP*: 697,44\u20ac/1 kg)\n](https://www.apotheke.de/priorin-kapseln-bei-haarausfall-30stk-pzn-04002059) [\n](https://www.apotheke.de/priorin-kapseln-bei-haarausfall-30stk-pzn-04002059)\n- Zum Di\u00e4tmanagement bei hormonell erblich bedingtem Haarausfall und Haarwachstumsst\u00f6rungen bei Frauen\n- Nat\u00fcrliche 3-fach-Formel aus Hirseextrakt, Vitamin B5 und Cystin n\u00e4hrt die Haarwurzeln von innen\n- F\u00fcr mehr Haarwachstum und volleres, kr\u00e4ftigeres Haar\n- F\u00fcr sichtbare Verbesserungen schon nach 12 Wochen*\n- Einfache und praktische Anwendung\nBestellungen die Mo-Fr bis 16:00 Uhr eingehen verlassen in der Regel noch am selben Tag unser Haus.\nDie Lieferzeit Ihrer Bestellung richtet sich nach dem Artikel mit der l\u00e4ngsten Lieferzeitangabe.\n[\n18,95*\n16,39*\n](https://www.apotheke.de/eucerin-dermocapillaire-kopfhautberuhigendtonikum-100ml-pzn-09508065) [\nPZN 09508065\n(GP*: 163,90\u20ac/1 l)\n](https://www.apotheke.de/eucerin-dermocapillaire-kopfhautberuhigendtonikum-100ml-pzn-09508065) [\n](https://www.apotheke.de/eucerin-dermocapillaire-kopfhautberuhigendtonikum-100ml-pzn-09508065)\n- Tonikum f\u00fcr trockene, juckende Kopfhaut\n- Spendet intensive und langanhaltende Feuchtigkeit\n- Beruhigt die Kopfhaut\n- Mindert den Juckreiz\n- Verbleibt auf der Kopfhaut\nBestellungen die Mo-Fr bis 16:00 Uhr eingehen verlassen in der Regel noch am selben Tag unser Haus.\nDie Lieferzeit Ihrer Bestellung richtet sich nach dem Artikel mit der l\u00e4ngsten Lieferzeitangabe.\n[\n49,95*\n37,99*\n](https://www.apotheke.de/doppelherz-system-kollagen-beauty-ampullen-30stk-pzn-13332904) [\nPZN 13332904\n](https://www.apotheke.de/doppelherz-system-kollagen-beauty-ampullen-30stk-pzn-13332904) [\n](https://www.apotheke.de/doppelherz-system-kollagen-beauty-ampullen-30stk-pzn-13332904)\n- Kollagen-Peptide helfen die Faltentiefe zu reduzieren und die Elastizit\u00e4t der Haut zu erh\u00f6hen\n- Mit Vitamin A, Zink und Biotin als Beitrag f\u00fcr den Erhalt normaler Haut\n- Vitamin C tr\u00e4gt zur normalen Kollagenbildung f\u00fcr eine normale Hautfunktion bei\nBestellungen die Mo-Fr bis 16:00 Uhr eingehen verlassen in der Regel noch am selben Tag unser Haus.\nDie Lieferzeit Ihrer Bestellung richtet sich nach dem Artikel mit der l\u00e4ngsten Lieferzeitangabe.\n[\n93,70*\n76,99*\n](https://www.apotheke.de/zinkorotat-pos-500stk-pzn-06340926) [\nPZN 06340926\n](https://www.apotheke.de/zinkorotat-pos-500stk-pzn-06340926) [\n](https://www.apotheke.de/zinkorotat-pos-500stk-pzn-06340926)\n- Zur Vorbeugung von Zinkmangel\n- St\u00e4rkt Haut, Haare, N\u00e4gel und st\u00e4rkt das Immunsystem und die Abwehrkr\u00e4fte\n- Magenschonend\nBestellungen die Mo-Fr bis 16:00 Uhr eingehen verlassen in der Regel noch am selben Tag unser Haus.\nDie Lieferzeit Ihrer Bestellung richtet sich nach dem Artikel mit der l\u00e4ngsten Lieferzeitangabe.\n[\n16,95*\n15,39*\n](https://www.apotheke.de/basen-citrate-pur-pulver-nach-apotheker-rudolf-keil-216g-pzn-03755779) [\nPZN 03755779\n(GP*: 71,25\u20ac/1 kg)\n](https://www.apotheke.de/basen-citrate-pur-pulver-nach-apotheker-rudolf-keil-216g-pzn-03755779) [\n](https://www.apotheke.de/basen-citrate-pur-pulver-nach-apotheker-rudolf-keil-216g-pzn-03755779)\n- Experten empfehlen BasenCitrate Pur zur Unterst\u00fctzung bei jeder Di\u00e4t \u2013 auch durch klinische Studie belegt!\n- F\u00fcr einen ausgeglichenen S\u00e4ure-Basen-Haushalt\n- Ideal nach intensiven k\u00f6rperlichen Belastungen und Muskelanstrengungen\nBestellungen die Mo-Fr bis 16:00 Uhr eingehen verlassen in der Regel noch am selben Tag unser Haus.\nDie Lieferzeit Ihrer Bestellung richtet sich nach dem Artikel mit der l\u00e4ngsten Lieferzeitangabe.\n[\n18,45*\n16,89*\n](https://www.apotheke.de/eucerin-dermocapillaire-anti-schuppen-gel-shampoo-250ml-pzn-09508094) [\nPZN 09508094\n(GP*: 67,56\u20ac/1 l)\n](https://www.apotheke.de/eucerin-dermocapillaire-anti-schuppen-gel-shampoo-250ml-pzn-09508094) [\n](https://www.apotheke.de/eucerin-dermocapillaire-anti-schuppen-gel-shampoo-250ml-pzn-09508094)\n- Anti Schuppen Shampoo zur Behandlung von fettigen Schuppen\n- Wirkt Juckreiz entgegen und lindert irritierte Kopfhaut ab der ersten Anwendung\n- Die Haare erhalten einen gesunden Glanz und ein geschmeidiges Gef\u00fchl\nBestellungen die Mo-Fr bis 16:00 Uhr eingehen verlassen in der Regel noch am selben Tag unser Haus.\nDie Lieferzeit Ihrer Bestellung richtet sich nach dem Artikel mit der l\u00e4ngsten Lieferzeitangabe.\n[\n11,99*\n11,89*\n](https://www.apotheke.de/physiogel-scalp-care-mildes-shampoo-empfindliche-kopfhaut-250ml-pzn-04362705) [\nPZN 04362705\n(GP*: 47,56\u20ac/1 l)\n](https://www.apotheke.de/physiogel-scalp-care-mildes-shampoo-empfindliche-kopfhaut-250ml-pzn-04362705) [\n](https://www.apotheke.de/physiogel-scalp-care-mildes-shampoo-empfindliche-kopfhaut-250ml-pzn-04362705)\n- F\u00fcr normale bis empfindliche Kopfhaut\n- Geeignet f\u00fcr die t\u00e4gliche Haarw\u00e4sche\n- Mild, pflegend und hautfreundlich\n- Enth\u00e4lt milde und ausgew\u00e4hlte Inhaltsstoffe\n- Ohne Parf\u00fcm und Farbstoffe\n- F\u00fcr Babys und Kinder geeignet\nBestellungen die Mo-Fr bis 16:00 Uhr eingehen verlassen in der Regel noch am selben Tag unser Haus.\nDie Lieferzeit Ihrer Bestellung richtet sich nach dem Artikel mit der l\u00e4ngsten Lieferzeitangabe.\n[\n57,50*\n45,99*\n](https://www.apotheke.de/hair-volume-tabletten-90stk-pzn-10260452) [\nPZN 10260452\n(GP*: 376,96\u20ac/1 kg)\n](https://www.apotheke.de/hair-volume-tabletten-90stk-pzn-10260452) [\n](https://www.apotheke.de/hair-volume-tabletten-90stk-pzn-10260452)\n- Nahrungserg\u00e4nzungsmittel f\u00fcr Haut, Haare und N\u00e4gel\n- Zur Unterst\u00fctzung von Haarwaschstum f\u00fcr volles Haar\n- F\u00fcr normale Pigmentierung des Haares\nBestellungen die Mo-Fr bis 16:00 Uhr eingehen verlassen in der Regel noch am selben Tag unser Haus.\nDie Lieferzeit Ihrer Bestellung richtet sich nach dem Artikel mit der l\u00e4ngsten Lieferzeitangabe.\n[\n19,09*\n14,39*\n](https://www.apotheke.de/zinkorot-25-mg-tabletten-50stk-pzn-18082895) [\nPZN 18082895\n](https://www.apotheke.de/zinkorot-25-mg-tabletten-50stk-pzn-18082895) [\n](https://www.apotheke.de/zinkorot-25-mg-tabletten-50stk-pzn-18082895)\n- Unterst\u00fctzt das Immunsystem bei Zinkmangel\n- Hochdosiertes Zink in Verbindung mit organischer Orots\u00e4ure\n- Nur 1 Tablette t\u00e4glich\n- Vegan, laktosefrei, glutenfrei und gelatinefrei\nBestellungen die Mo-Fr bis 16:00 Uhr eingehen verlassen in der Regel noch am selben Tag unser Haus.\nDie Lieferzeit Ihrer Bestellung richtet sich nach dem Artikel mit der l\u00e4ngsten Lieferzeitangabe.\n[\n18,45*\n15,19*\n](https://www.apotheke.de/eucerin-dermocapillaire-anti-schuppen-creme-shamp-250ml-pzn-09508102) [\nPZN 09508102\n(GP*: 60,76\u20ac/1 l)\n](https://www.apotheke.de/eucerin-dermocapillaire-anti-schuppen-creme-shamp-250ml-pzn-09508102) [\n](https://www.apotheke.de/eucerin-dermocapillaire-anti-schuppen-creme-shamp-250ml-pzn-09508102)\n- Anti Schuppen Shampoo zur Behandlung von trockenen Schuppen\n- Juckreiz und irritierte Kopfhaut werden ab der ersten Anwendung gelindert\n- Die Haare erhalten einen gesunden Glanz und ein geschmeidiges Gef\u00fchl\nBestellungen die Mo-Fr bis 16:00 Uhr eingehen verlassen in der Regel noch am selben Tag unser Haus.\nDie Lieferzeit Ihrer Bestellung richtet sich nach dem Artikel mit der l\u00e4ngsten Lieferzeitangabe.\n[\n8,75*\n7,29*\n](https://www.apotheke.de/cetaphil-pro-itchcontrol-repair-sensitive-regenerierende-handcre-50ml-pzn-13839359) [\nPZN 13839359\n(GP*: 145,80\u20ac/1 l)\n](https://www.apotheke.de/cetaphil-pro-itchcontrol-repair-sensitive-regenerierende-handcre-50ml-pzn-13839359) [\n](https://www.apotheke.de/cetaphil-pro-itchcontrol-repair-sensitive-regenerierende-handcre-50ml-pzn-13839359)\n- Hervorragend geeignet f\u00fcr die t\u00e4gliche Pflege trockener, gereizter H\u00e4nde\n- Repariert die Hautbarriere und gl\u00e4ttet raue H\u00e4nde\n- Pflegt mit Provitamin B5, Vitamin B3, Vitamin E, Wiesenschaumkraut\u00f6l und Glycerin\n- Zieht schnell ein: Ideal auch f\u00fcr die Anwendung im Nahrungsmittelbereich\n- Ohne Duftstoffe\n- Klinisch getestet: Mildert Irritationen, die z.B. durch h\u00e4ufiges H\u00e4ndewaschen entstehen\nBestellungen die Mo-Fr bis 16:00 Uhr eingehen verlassen in der Regel noch am selben Tag unser Haus.\nDie Lieferzeit Ihrer Bestellung richtet sich nach dem Artikel mit der l\u00e4ngsten Lieferzeitangabe.\n[\n11,95*\n11,89*\n](https://www.apotheke.de/eucerin-urea-repair-plus-handcreme-5-75ml-pzn-11678099) [\nPZN 11678099\n(GP*: 158,53\u20ac/1 l)\n](https://www.apotheke.de/eucerin-urea-repair-plus-handcreme-5-75ml-pzn-11678099) [\n](https://www.apotheke.de/eucerin-urea-repair-plus-handcreme-5-75ml-pzn-11678099)\n- Regenerierende Handcreme mit 5 % Urea\n- F\u00fcr trockene bis extrem trockene und strapazierte H\u00e4nde\n- Intensiv pflegend und befeuchtend\n- Sch\u00fctzt 48 h vor Trockenheit\n- F\u00fcr glatte und geschmeidige H\u00e4nde\nBestellungen die Mo-Fr bis 16:00 Uhr eingehen verlassen in der Regel noch am selben Tag unser Haus.\nDie Lieferzeit Ihrer Bestellung richtet sich nach dem Artikel mit der l\u00e4ngsten Lieferzeitangabe.\n[\n13,25*\n12,89*\n](https://www.apotheke.de/eucerin-atopicontrol-hand-intensiv-creme-75ml-pzn-12441459) [\nPZN 12441459\n(GP*: 171,86\u20ac/1 l)\n](https://www.apotheke.de/eucerin-atopicontrol-hand-intensiv-creme-75ml-pzn-12441459) [\n](https://www.apotheke.de/eucerin-atopicontrol-hand-intensiv-creme-75ml-pzn-12441459)\n- Geeignet zur Pflege bei Handekzem, auch bei Neurodermitis\n- Hilft angegriffenen, trockenen, ger\u00f6teten und juckenden H\u00e4nden\n- Reduziert Trockenheit, R\u00f6tungen und Hautirritationen\nBestellungen die Mo-Fr bis 16:00 Uhr eingehen verlassen in der Regel noch am selben Tag unser Haus.\nDie Lieferzeit Ihrer Bestellung richtet sich nach dem Artikel mit der l\u00e4ngsten Lieferzeitangabe.\n[\n84,95*\n54,99*\n](https://www.apotheke.de/bockshorn-mikronaehrstoff-haarkapseln-tisane-180stk-pzn-05010569) [\nPZN 05010569\n(GP*: 436,42\u20ac/1 kg)\n](https://www.apotheke.de/bockshorn-mikronaehrstoff-haarkapseln-tisane-180stk-pzn-05010569) [\n](https://www.apotheke.de/bockshorn-mikronaehrstoff-haarkapseln-tisane-180stk-pzn-05010569)\n- Zum Di\u00e4tmanagement bei hormonell erblich bedingtem Haarausfall und d\u00fcnner werdendem Haar bei Frauen, z.B. in den Wechseljahren\n- Mit wichtigen Mikron\u00e4hrstoffen\n- Stabilisieren die Haarwurzel und das Haar\n- 3-Monatspackung\nBestellungen die Mo-Fr bis 16:00 Uhr eingehen verlassen in der Regel noch am selben Tag unser Haus.\nDie Lieferzeit Ihrer Bestellung richtet sich nach dem Artikel mit der l\u00e4ngsten Lieferzeitangabe.\n[\n29,80*\n25,99*\n](https://www.apotheke.de/hyaluronsaeure-100-kollagen-400-kapseln-120stk-pzn-02695704) [\nPZN 02695704\n(GP*: 347,45\u20ac/1 kg)\n](https://www.apotheke.de/hyaluronsaeure-100-kollagen-400-kapseln-120stk-pzn-02695704) [\n](https://www.apotheke.de/hyaluronsaeure-100-kollagen-400-kapseln-120stk-pzn-02695704)\n- Nahrungserg\u00e4nzungsmittel mit Hyalurons\u00e4ure und Kollagen\n- 120 Kapseln\nBestellungen die Mo-Fr bis 16:00 Uhr eingehen verlassen in der Regel noch am selben Tag unser Haus.\nDie Lieferzeit Ihrer Bestellung richtet sich nach dem Artikel mit der l\u00e4ngsten Lieferzeitangabe.\n[\n6,49*\n6,39*\n](https://www.apotheke.de/sos-microsilber-handcreme-75ml-pzn-12905551) [\nPZN 12905551\n(GP*: 85,20\u20ac/1 l)\n](https://www.apotheke.de/sos-microsilber-handcreme-75ml-pzn-12905551) [\n](https://www.apotheke.de/sos-microsilber-handcreme-75ml-pzn-12905551)\n- F\u00fcr sehr trockene und gereizte H\u00e4nde\n- Auch bei Schuppenflechte oder Neurodermitis\n- F\u00fcr ein sch\u00f6neres Erscheinungsbild der H\u00e4nde\nBestellungen die Mo-Fr bis 16:00 Uhr eingehen verlassen in der Regel noch am selben Tag unser Haus.\nDie Lieferzeit Ihrer Bestellung richtet sich nach dem Artikel mit der l\u00e4ngsten Lieferzeitangabe.\n[\n19,50*\n14,49*\n](https://www.apotheke.de/selen-200-myg-tabletten-120stk-pzn-15745680) [\nPZN 15745680\n(GP*: 1006,25\u20ac/1 kg)\n](https://www.apotheke.de/selen-200-myg-tabletten-120stk-pzn-15745680) [\n](https://www.apotheke.de/selen-200-myg-tabletten-120stk-pzn-15745680)\n- Nahrungserg\u00e4nzungsmittel zur gezielten Selenversorgung\n- Selen sch\u00fctzt die Zellen vor oxidativem Stress und freien Radikalen\n- Unterst\u00fctzt normale Funktion des Immunsystems\nBestellungen die Mo-Fr bis 16:00 Uhr eingehen verlassen in der Regel noch am selben Tag unser Haus.\nDie Lieferzeit Ihrer Bestellung richtet sich nach dem Artikel mit der l\u00e4ngsten Lieferzeitangabe.\n[\n16,90*\n15,29*\n](https://www.apotheke.de/roche-posay-kerium-cremeshampoo-trockene-haut-200ml-pzn-04229018) [\nPZN 04229018\n(GP*: 76,45\u20ac/1 l)\n](https://www.apotheke.de/roche-posay-kerium-cremeshampoo-trockene-haut-200ml-pzn-04229018) [\n](https://www.apotheke.de/roche-posay-kerium-cremeshampoo-trockene-haut-200ml-pzn-04229018)\n- Gegen trockene Schuppen\n- Mit Hautberuhigendem Thermalwasser\n- Stellt das physiologische Gleichgewicht der Kopfhaut wieder her\nBestellungen die Mo-Fr bis 16:00 Uhr eingehen verlassen in der Regel noch am selben Tag unser Haus.\nDie Lieferzeit Ihrer Bestellung richtet sich nach dem Artikel mit der l\u00e4ngsten Lieferzeitangabe.\n[\n16,48*\n14,99*\n](https://www.apotheke.de/stieprox-intensiv-shampoo-ciclopiroxolamin-15-100ml-pzn-00085077) [\nPZN 00085077\n(GP*: 149,90\u20ac/1 l)\n](https://www.apotheke.de/stieprox-intensiv-shampoo-ciclopiroxolamin-15-100ml-pzn-00085077) [\n](https://www.apotheke.de/stieprox-intensiv-shampoo-ciclopiroxolamin-15-100ml-pzn-00085077)\n- Mit 1,5 % Ciclopiroxolamin\n- Dient der Pflege der Kopfhaut bei starken Schuppen und st\u00f6rendem Juckreiz\n- Ciclopiroxolamin bek\u00e4mpft die Ursache der Schuppen\n- Conditioner f\u00fcr leichte K\u00e4mmbarkeit, Geschmeidigkeit, Glanz und Volumen\n- PH-neutral\nBestellungen die Mo-Fr bis 16:00 Uhr eingehen verlassen in der Regel noch am selben Tag unser Haus.\nDie Lieferzeit Ihrer Bestellung richtet sich nach dem Artikel mit der l\u00e4ngsten Lieferzeitangabe.\n[\n15,95*\n13,69*\n](https://www.apotheke.de/eubos-sensitive-hand-repair-schutz-creme-spender-150ml-pzn-16620590) [\nPZN 16620590\n(GP*: 91,26\u20ac/1 l)\n](https://www.apotheke.de/eubos-sensitive-hand-repair-schutz-creme-spender-150ml-pzn-16620590) [\n](https://www.apotheke.de/eubos-sensitive-hand-repair-schutz-creme-spender-150ml-pzn-16620590)\n- F\u00fcr zarte, weiche H\u00e4nde\n- T\u00e4glicher Schutz\n- Besonders hautvertr\u00e4glich\nBestellungen die Mo-Fr bis 16:00 Uhr eingehen verlassen in der Regel noch am selben Tag unser Haus.\nDie Lieferzeit Ihrer Bestellung richtet sich nach dem Artikel mit der l\u00e4ngsten Lieferzeitangabe.\n[\n29,95*\n28,99*\n](https://www.apotheke.de/amitamin-hair-plus-kapseln-60stk-pzn-07689275) [\nPZN 07689275\n(GP*: 568,43\u20ac/1 kg)\n](https://www.apotheke.de/amitamin-hair-plus-kapseln-60stk-pzn-07689275) [\n](https://www.apotheke.de/amitamin-hair-plus-kapseln-60stk-pzn-07689275)\n- Nahrungserg\u00e4nzung f\u00fcr gesunde Haare\n- Auch bei erblich bedingtem Haarausfall empfolen\n- F\u00fcr eine Langzeitbehandlung von drei bis sechs Monaten\nBestellungen die Mo-Fr bis 16:00 Uhr eingehen verlassen in der Regel noch am selben Tag unser Haus.\nDie Lieferzeit Ihrer Bestellung richtet sich nach dem Artikel mit der l\u00e4ngsten Lieferzeitangabe.\n[\n59,90*\n51,99*\n](https://www.apotheke.de/aminoplus-frau-pulver-30stk-pzn-15386904) [\nPZN 15386904\n(GP*: 125,57\u20ac/1 kg)\n](https://www.apotheke.de/aminoplus-frau-pulver-30stk-pzn-15386904) [\n](https://www.apotheke.de/aminoplus-frau-pulver-30stk-pzn-15386904)\n- Nahrungserg\u00e4nzungsmittel\n- Mit Kollagenpeptiden, Hyalurons\u00e4ure, Aminos\u00e4uren, Vitaminen, Mineralstoffen und Spurenelementen\n- Riboflavin, Zink & Biotin tragen zum Erhalt normaler Haut bei\n- Mangan & Kupfer tragen zu einer normalen Bindegewebsbildung bei\n- Vitamin C tr\u00e4gt zu einer normalen Kollagenbildung bei\n- Selen, Biotin und Zink tragen zur Erhaltung normaler Haare und N\u00e4gel bei\nBestellungen die Mo-Fr bis 16:00 Uhr eingehen verlassen in der Regel noch am selben Tag unser Haus.\nDie Lieferzeit Ihrer Bestellung richtet sich nach dem Artikel mit der l\u00e4ngsten Lieferzeitangabe.\n[\n16,49*\n13,59*\n](https://www.apotheke.de/luvos-heilerde-bio-haar-nagel-plus-kapseln-60stk-pzn-13780809) [\nPZN 13780809\n(GP*: 424,68\u20ac/1 kg)\n](https://www.apotheke.de/luvos-heilerde-bio-haar-nagel-plus-kapseln-60stk-pzn-13780809) [\n](https://www.apotheke.de/luvos-heilerde-bio-haar-nagel-plus-kapseln-60stk-pzn-13780809)\n- Nat\u00fcrliche Sch\u00f6nheit von innen\n- Aufeinander abgestimmter Bio-Komplex\n- Vegan, ohne tierische Bestandteile und Gelatine\nBestellungen die Mo-Fr bis 16:00 Uhr eingehen verlassen in der Regel noch am selben Tag unser Haus.\nDie Lieferzeit Ihrer Bestellung richtet sich nach dem Artikel mit der l\u00e4ngsten Lieferzeitangabe.\n[\n11,50*\n10,69*\n](https://www.apotheke.de/la-roche-posay-cicaplast-handcreme-100ml-pzn-16849128) [\nPZN 16849128\n(GP*: 106,90\u20ac/1 l)\n](https://www.apotheke.de/la-roche-posay-cicaplast-handcreme-100ml-pzn-16849128) [\n](https://www.apotheke.de/la-roche-posay-cicaplast-handcreme-100ml-pzn-16849128)\n- Handcreme f\u00fcr beanspruchte H\u00e4nde\n- Mildert Irritationen und R\u00f6tungen\n- F\u00fcr allergische, atopische, empfindliche und sehr trockene Haut geeignet\nBestellungen die Mo-Fr bis 16:00 Uhr eingehen verlassen in der Regel noch am selben Tag unser Haus.\nDie Lieferzeit Ihrer Bestellung richtet sich nach dem Artikel mit der l\u00e4ngsten Lieferzeitangabe.\n[\n10,59*\n](https://www.apotheke.de/stop-n-grow-8ml-pzn-01420342) [\nPZN 01420342\n(GP*: 1323,75\u20ac/1 l)\n](https://www.apotheke.de/stop-n-grow-8ml-pzn-01420342) [\n](https://www.apotheke.de/stop-n-grow-8ml-pzn-01420342)\n- nur Original-Markenmedikamente\n- Bonus f\u00fcr Selbstzahler-Rezepte10)\n- Versandkostenfreie Lieferung**\nBestellungen die Mo-Fr bis 16:00 Uhr eingehen verlassen in der Regel noch am selben Tag unser Haus.\nDie Lieferzeit Ihrer Bestellung richtet sich nach dem Artikel mit der l\u00e4ngsten Lieferzeitangabe.\n[\n12,99*\n12,89*\n](https://www.apotheke.de/linola-shampoo-200ml-pzn-00683565) [\nPZN 00683565\n(GP*: 64,45\u20ac/1 l)\n](https://www.apotheke.de/linola-shampoo-200ml-pzn-00683565) [\n](https://www.apotheke.de/linola-shampoo-200ml-pzn-00683565)\n- Schont die Hautschutzbarriere, so wirkt sie gegen Juckreiz und R\u00f6tungen\n- Selbstverst\u00e4ndlich ohne Farb-, Duft- und Konservierungsstoffe\n- F\u00fcr Neurodermitiker geeignet\nBestellungen die Mo-Fr bis 16:00 Uhr eingehen verlassen in der Regel noch am selben Tag unser Haus.\nDie Lieferzeit Ihrer Bestellung richtet sich nach dem Artikel mit der l\u00e4ngsten Lieferzeitangabe.\n[\n8,75*\n6,99*\n](https://www.apotheke.de/cetaphil-repair-regenerierende-handcreme-50ml-pzn-15897148) [\nPZN 15897148\n(GP*: 139,80\u20ac/1 l)\n](https://www.apotheke.de/cetaphil-repair-regenerierende-handcreme-50ml-pzn-15897148) [\n](https://www.apotheke.de/cetaphil-repair-regenerierende-handcreme-50ml-pzn-15897148)\n- Hervorragend geeignet f\u00fcr die t\u00e4gliche Pflege trockener, gereizter H\u00e4nde\n- Spendet 24 Stunden Feuchtigkeit\n- Zieht schnell ein, repariert die Hautbarriere und gl\u00e4ttet raue H\u00e4nde\n- Mit Provitamin B5, Vitamin B3, Vitamin E und Nachtkerzensamen\u00f6l\n- Klinisch getestet: Mildert Irritationen, die z.B. durch h\u00e4ufiges H\u00e4ndewaschen entstehen\nBestellungen die Mo-Fr bis 16:00 Uhr eingehen verlassen in der Regel noch am selben Tag unser Haus.\nDie Lieferzeit Ihrer Bestellung richtet sich nach dem Artikel mit der l\u00e4ngsten Lieferzeitangabe.\n[\n7,45*\n6,79*\n](https://www.apotheke.de/linola-hand-creme-75ml-pzn-09221091) [\nPZN 09221091\n(GP*: 90,53\u20ac/1 l)\n](https://www.apotheke.de/linola-hand-creme-75ml-pzn-09221091) [\n](https://www.apotheke.de/linola-hand-creme-75ml-pzn-09221091)\n- Bei rauen und rissigen H\u00e4nden\n- Ohne Mineral\u00f6le und Silikone\n- Ohne Duft- und Konservierungsstoffe\nBestellungen die Mo-Fr bis 16:00 Uhr eingehen verlassen in der Regel noch am selben Tag unser Haus.\nDie Lieferzeit Ihrer Bestellung richtet sich nach dem Artikel mit der l\u00e4ngsten Lieferzeitangabe.\n[\n11,27*\n7,19*\n](https://www.apotheke.de/zink-hexal-20stk-pzn-02415337) [\nPZN 02415337\n](https://www.apotheke.de/zink-hexal-20stk-pzn-02415337) [\n](https://www.apotheke.de/zink-hexal-20stk-pzn-02415337)\n- Zur Behandlung von Zinkmangelzust\u00e4nden\n- Zur Vorbeugung von Erk\u00e4ltungskrankheiten\nBestellungen die Mo-Fr bis 16:00 Uhr eingehen verlassen in der Regel noch am selben Tag unser Haus.\nDie Lieferzeit Ihrer Bestellung richtet sich nach dem Artikel mit der l\u00e4ngsten Lieferzeitangabe.\n[\n15,11*\n12,99*\n](https://www.apotheke.de/cloderm-anti-schuppen-shampoo-100ml-pzn-05917789) [\nPZN 05917789\n(GP*: 129,90\u20ac/1 l)\n](https://www.apotheke.de/cloderm-anti-schuppen-shampoo-100ml-pzn-05917789) [\n](https://www.apotheke.de/cloderm-anti-schuppen-shampoo-100ml-pzn-05917789)\n- nur Original-Markenmedikamente\n- Bonus f\u00fcr Selbstzahler-Rezepte10)\n- Versandkostenfreie Lieferung**\nBestellungen die Mo-Fr bis 16:00 Uhr eingehen verlassen in der Regel noch am selben Tag unser Haus.\nDie Lieferzeit Ihrer Bestellung richtet sich nach dem Artikel mit der l\u00e4ngsten Lieferzeitangabe.\nKr\u00e4ftiges, gl\u00e4nzendes Haar, eine strahlende, frische Haut und feste Fingern\u00e4gel sind f\u00fcr ein nat\u00fcrliches und sch\u00f6nes \u00c4u\u00dferes unerl\u00e4sslich. Aufbaupr\u00e4parate, die Ihre Haut, Ihr Haar und Ihre N\u00e4geln sch\u00fctzen und Ihre Sch\u00f6nheit f\u00f6rdern, finden Sie bei apotheke.de in dieser Kategorie schnell und einfach.", "language": null, "image": "https://www.apotheke.de/templates/apotheke_de/img/layout/shop_logo_open_graph.png", "pagetype": "website", "links": ["https://www.apotheke.de/", "https://www.apotheke.de/login.php", "https://www.apotheke.de/password_double_opt.php", null, "https://www.apotheke.de/login.php", "https://www.apotheke.de/sicherheitsserver", "https://www.apotheke.de/kontakt", "https://www.apotheke.de/team", "https://www.apotheke.de/markenprodukte-apodiscounterde-c-3020", "https://www.apotheke.de/beschwerdefrei-c-3034", "https://www.apotheke.de/gesunde-ernaehrung-c-3035", "https://www.apotheke.de/kosmetik-c-3038", "https://www.apotheke.de/hausapotheke-c-3037", "https://www.apotheke.de/gratis-aktionen-c-1905", "https://www.apotheke.de/aktionspakete-c-2090", "https://www.apotheke.de/gratiszugaben-c-2057", "https://www.apotheke.de/knallerpreise-c-2203", "https://www.apotheke.de/neu-im-sortiment-c-699", "https://www.apotheke.de/erkaeltung-immunsystem-c-261", "https://www.apotheke.de/erkaeltungspakete-c-3760", "https://www.apotheke.de/grippe-erkaeltung-allgemein-c-423", "https://www.apotheke.de/erkaeltung-c-280", "https://www.apotheke.de/halsschmerzen-c-281", "https://www.apotheke.de/husten-c-282", "https://www.apotheke.de/fiebermittel-c-4102", "https://www.apotheke.de/nebenhoehlenentzuendung-c-586", "https://www.apotheke.de/schnupfen-c-283", "https://www.apotheke.de/erkaeltung-vorbeugen-c-571", "https://www.apotheke.de/grippe-medikamente-c-3805", "https://www.apotheke.de/vegan-vegetarisch-c-2425", "https://www.apotheke.de/vegan-c-2426", "https://www.apotheke.de/vegetarisch-c-2427", "https://www.apotheke.de/fit-und-schlank-c-257", "https://www.apotheke.de/abnehmen-c-273", "https://www.apotheke.de/entschlackung-c-557", "https://www.apotheke.de/sportlernahrung-c-2315", "https://www.apotheke.de/superfoods-c-742", "https://www.apotheke.de/supplemente-c-271", "https://www.apotheke.de/rauchentwoehnung-c-272", "https://www.apotheke.de/augen-ohren-c-259", "https://www.apotheke.de/augen-c-397", "https://www.apotheke.de/ohrgesundheit-c-403", "https://www.apotheke.de/haut-und-haar-c-263", "https://www.apotheke.de/fusspflege-c-554", "https://www.apotheke.de/haarausfall-c-327", "https://www.apotheke.de/haut-haare-naegel-c-1141", "https://www.apotheke.de/hautpflege-c-548", "https://www.apotheke.de/laeuse-co-c-556", "https://www.apotheke.de/lippenherpes-c-290", "https://www.apotheke.de/pilzerkrankung-c-329", "https://www.apotheke.de/warzen-c-330", "https://www.apotheke.de/wundheilung-c-328", "https://www.apotheke.de/cortisonsalbe-c-3326", "https://www.apotheke.de/kraetze-behandlung-c-4056", "https://www.apotheke.de/magen-und-darm-c-266", "https://www.apotheke.de/abfuehrmittel-c-4144", "https://www.apotheke.de/blaehungen-und-voellegefuehl-c-305", "https://www.apotheke.de/darmsanierung-produkte-c-5049", "https://www.apotheke.de/durchfall-c-306", "https://www.apotheke.de/erbrechen-und-belkeit-c-2137", "https://www.apotheke.de/haemorrhoiden-c-307", "https://www.apotheke.de/laktoseintoleranz-c-2066", "https://www.apotheke.de/leberschutz-c-407", "https://www.apotheke.de/magen-darm-grippe-c-3806", "https://www.apotheke.de/probiotik-c-2513", "https://www.apotheke.de/sodbrennen-c-308", "https://www.apotheke.de/verdauung-c-309", "https://www.apotheke.de/verstopfung-c-310", "https://www.apotheke.de/schmerzmittel-c-269", "https://www.apotheke.de/schmerzmittel-allgemein-c-434", "https://www.apotheke.de/schmerzmittel-bei-entzuendungen-c-314", "https://www.apotheke.de/schmerzmittel-gelenke-ruecken-c-582", "https://www.apotheke.de/kopfschmerzen-c-572", "https://www.apotheke.de/ohrenschmerzen-c-315", "https://www.apotheke.de/regelschmerzen-c-466", "https://www.apotheke.de/schmerzmittel-wirkstoffe-c-460", "https://www.apotheke.de/schmerzmittel-beliebte-produkte-c-3853", "https://www.apotheke.de/zahnschmerzen-c-319", "https://www.apotheke.de/schmerzmittel-marken-c-1776", "https://www.apotheke.de/familie-c-260", "https://www.apotheke.de/familie-allgemein-c-422", "https://www.apotheke.de/baby-und-kind-c-276", "https://www.apotheke.de/frau-und-mutter-c-535", "https://www.apotheke.de/gesunde-naschereien-c-515", "https://www.apotheke.de/schwangerschaftstest-c-278", "https://www.apotheke.de/sex-lifestyle-c-1526", "https://www.apotheke.de/stillzeit-c-3790", "https://www.apotheke.de/tee-c-2327", "https://www.apotheke.de/verhuetung-c-279", "https://www.apotheke.de/kosmetik-und-pflege-c-265", "https://www.apotheke.de/koerperpflege-c-299", "https://www.apotheke.de/naturkosmetik-c-4137", "https://www.apotheke.de/gesichtspflege-c-294", "https://www.apotheke.de/babypflege-c-439", "https://www.apotheke.de/maennerpflege-c-2495", "https://www.apotheke.de/sonnenschutz-c-300", "https://www.apotheke.de/schwangerschaft-c-277", "https://www.apotheke.de/wellness-c-443", "https://www.apotheke.de/schoenheit-von-innen-c-3477", "https://www.apotheke.de/kosmetikmarken-c-1775", "https://www.apotheke.de/tierversuchsfreie-kosmetik-c-4080", "https://www.apotheke.de/muskeln-und-gelenke-c-268", "https://www.apotheke.de/gelenke-allgemein-c-433", "https://www.apotheke.de/arthrose-gelenke-c-478", "https://www.apotheke.de/bandagen-c-3817", "https://www.apotheke.de/gelenke-ruecken-c-2202", "https://www.apotheke.de/muskelkraempfe-c-480", "https://www.apotheke.de/osteoporose-c-481", "https://www.apotheke.de/prellung-zerrung-verstauchung-c-479", "https://www.apotheke.de/rheumatische-erkrankung-c-477", "https://www.apotheke.de/vital-und-mineralstoffe-c-270", "https://www.apotheke.de/aufbaupraeparate-c-1140", "https://www.apotheke.de/ernaehrungsmedizin-c-322", "https://www.apotheke.de/lebensqualitaet-c-324", "https://www.apotheke.de/mineralstoffe-c-2640", "https://www.apotheke.de/multivitamine-c-321", "https://www.apotheke.de/vitamine-allgemein-c-435", "https://www.apotheke.de/zu-den-marken-c-1145", "https://www.apotheke.de/antioxidantien-c-3528", "https://www.apotheke.de/herz-und-kreislauf-c-588", "https://www.apotheke.de/arterielle-durchblutungsstoerung-c-589", "https://www.apotheke.de/blutarmut-c-593", "https://www.apotheke.de/diabetes-c-2059", "https://www.apotheke.de/erhoehte-blutfette-c-592", "https://www.apotheke.de/gedaechtnis-konzentration-c-2064", "https://www.apotheke.de/herz-staerken-c-274", "https://www.apotheke.de/kreislauf-unterstuetzen-c-590", "https://www.apotheke.de/medizinische-geraete-blutdruck-c-472", "https://www.apotheke.de/venenerkrankung-c-591", "https://www.apotheke.de/herz-kreislauf-zubehoer-c-2457", "https://www.apotheke.de/allergie-c-258", "https://www.apotheke.de/allerg-bindehautentzuendung-c-559", "https://www.apotheke.de/allergietabletten-und-tropfen-c-388", "https://www.apotheke.de/allergische-hauterkrankung-c-558", "https://www.apotheke.de/allergischer-schnupfen-c-560", "https://www.apotheke.de/allergie-pakete-und-kombipackungen-c-394", "https://www.apotheke.de/allergie-wirkstoffe-c-5035", "https://www.apotheke.de/allergiesaft-c-4053", "https://www.apotheke.de/harnwege-blase-c-594", "https://www.apotheke.de/blasenentzuendung-c-2549", "https://www.apotheke.de/blasenprobleme-c-595", "https://www.apotheke.de/entwaesserung-c-596", "https://www.apotheke.de/inkontinenz-c-597", "https://www.apotheke.de/prostatabeschwerden-c-598", "https://www.apotheke.de/naturheilkunde-c-264", "https://www.apotheke.de/naturheilkunde-hersteller-c-415", "https://www.apotheke.de/pflanzlich-abnehmen-c-372", "https://www.apotheke.de/pflanzliche-allergiemittel-c-371", "https://www.apotheke.de/pflanzliche-augenmittel-c-380", "https://www.apotheke.de/pflanzlich-baby-und-kind-c-370", "https://www.apotheke.de/entschlackung-c-376", "https://www.apotheke.de/pflanzliche-erkaeltungsmittel-c-369", "https://www.apotheke.de/pflanzliche-mittel-hauterkrankungen-c-378", "https://www.apotheke.de/pflanzlich-magen-darm-c-2087", "https://www.apotheke.de/pflanzlich-muskeln-und-gelenke-c-374", "https://www.apotheke.de/pflanzlich-nerven-beruhigung-c-2088", "https://www.apotheke.de/pflanzliche-ohrentropfen-c-381", "https://www.apotheke.de/pflanzlich-schwindel-uebelkeit-c-375", "https://www.apotheke.de/pflanzlich-taschenapotheke-c-414", "https://www.apotheke.de/pflanzlich-wechseljahre-c-377", "https://www.apotheke.de/stimmungsaufheller-c-4055", "https://www.apotheke.de/reise-und-hausapotheke-c-262", "https://www.apotheke.de/reiseapotheke-augen-c-483", "https://www.apotheke.de/reiseapotheke-beruhigung-und-schlaf-c-505", "https://www.apotheke.de/reiseapotheke-durchfall-c-499", "https://www.apotheke.de/reiseapotheke-erkaeltung-grippe-c-494", "https://www.apotheke.de/insektenschutz-c-509", "https://www.apotheke.de/reiseapotheke-mund-c-491", "https://www.apotheke.de/reiseapotheke-ohren-c-488", "https://www.apotheke.de/reisekrankheit-c-508", "https://www.apotheke.de/reiseapotheke-schmerzen-fieber-c-511", "https://www.apotheke.de/sonnenbrand-insektenstich-c-510", "https://www.apotheke.de/sonnenschutz-c-512", "https://www.apotheke.de/taschenapotheken-c-340", "https://www.apotheke.de/wundversorgung-c-502", "https://www.apotheke.de/tierarznei-c-1231", "https://www.apotheke.de/medikamente-fuer-hunde-c-1532", "https://www.apotheke.de/medikamente-fuer-katzen-c-1531", "https://www.apotheke.de/selbsttest-c-3612", "https://www.apotheke.de/corona-test-c-6001", "https://www.apotheke.de/alkoholtest-drogentest-c-3613", "https://www.apotheke.de/hiv-selbsttest-c-3761", "https://www.apotheke.de/blutzuckertest-c-3617", "https://www.apotheke.de/cholesterin-test-c-3622", "https://www.apotheke.de/darmkrebs-test-c-3623", "https://www.apotheke.de/urintest-stuhltest-c-3624", "https://www.apotheke.de/test-unvertraeglichkeiten-c-3625", "https://www.apotheke.de/schwangerschafts-ovulationstest-c-3629", "https://www.apotheke.de/sonstige-tests-c-3630", "https://www.apotheke.de/krankenpflege-c-3893", "https://www.apotheke.de/aufbaunahrung-c-3914", "https://www.apotheke.de/einnahmehilfen-c-3917", "https://www.apotheke.de/handschuhe-mundschutz-c-3931", "https://www.apotheke.de/desinfektion-c-500", "https://www.apotheke.de/pflegeboxen-c-5002", "https://www.apotheke.de/pflegeboxen-c-5002", "https://www.apotheke.de/", "https://www.apotheke.de/haut-und-haar-c-263", "https://www.apotheke.de/haut-haare-naegel-c-1141?layout=list", "javascript:void(0);", "javascript:void(0);", "javascript:void(0);", "javascript:void(0);", "javascript:void(0);", "javascript:void(0);", "javascript:void(0);", "javascript:void(0);", "javascript:void(0);", "https://www.apotheke.de/haut-haare-naegel-c-1141#mehr_lesen", "https://www.apotheke.de/kieselerde-plus-kapseln-60stk-pzn-08635353", "https://www.apotheke.de/kieselerde-plus-kapseln-60stk-pzn-08635353", "https://www.apotheke.de/kieselerde-plus-kapseln-60stk-pzn-08635353", "https://www.apotheke.de/kieselerde-plus-kapseln-60stk-pzn-08635353", "https://www.apotheke.de/kieselerde-plus-kapseln-60stk-pzn-08635353", "https://www.apotheke.de/kieselerde-biotin-kapseln-60stk-pzn-08869677", "https://www.apotheke.de/kieselerde-biotin-kapseln-60stk-pzn-08869677", "https://www.apotheke.de/kieselerde-biotin-kapseln-60stk-pzn-08869677", "https://www.apotheke.de/kieselerde-biotin-kapseln-60stk-pzn-08869677", "https://www.apotheke.de/kieselerde-biotin-kapseln-60stk-pzn-08869677", "https://www.apotheke.de/haut-haare-naegel-kapseln-von-apo-discounter-120stk-pzn-17174448", "https://www.apotheke.de/haut-haare-naegel-kapseln-von-apo-discounter-120stk-pzn-17174448", "https://www.apotheke.de/haut-haare-naegel-kapseln-von-apo-discounter-120stk-pzn-17174448", "https://www.apotheke.de/haut-haare-naegel-kapseln-von-apo-discounter-120stk-pzn-17174448", "https://www.apotheke.de/haut-haare-naegel-kapseln-von-apo-discounter-120stk-pzn-17174448", "https://www.apotheke.de/beauty-kollagen-trinkampullen-mit-hochdosierter-hyaluronsaeure-28x25ml-pzn-18438843", "https://www.apotheke.de/beauty-kollagen-trinkampullen-mit-hochdosierter-hyaluronsaeure-28x25ml-pzn-18438843", "https://www.apotheke.de/beauty-kollagen-trinkampullen-mit-hochdosierter-hyaluronsaeure-28x25ml-pzn-18438843", "https://www.apotheke.de/beauty-kollagen-trinkampullen-mit-hochdosierter-hyaluronsaeure-28x25ml-pzn-18438843/erfahrungen", "https://www.apotheke.de/beauty-kollagen-trinkampullen-mit-hochdosierter-hyaluronsaeure-28x25ml-pzn-18438843", "https://www.apotheke.de/beauty-kollagen-trinkampullen-mit-hochdosierter-hyaluronsaeure-28x25ml-pzn-18438843", "https://www.apotheke.de/sensetics-vitalize-beauty-kollagen-trinkampullen-28x25ml-pzn-18438866", "https://www.apotheke.de/sensetics-vitalize-beauty-kollagen-trinkampullen-28x25ml-pzn-18438866", "https://www.apotheke.de/sensetics-vitalize-beauty-kollagen-trinkampullen-28x25ml-pzn-18438866", "https://www.apotheke.de/sensetics-vitalize-beauty-kollagen-trinkampullen-28x25ml-pzn-18438866", "https://www.apotheke.de/sensetics-vitalize-beauty-kollagen-trinkampullen-28x25ml-pzn-18438866", "https://www.apotheke.de/anti-aging-komplex-kapseln-mit-hyaluron-und-q10-60stk-pzn-18729032", "https://www.apotheke.de/anti-aging-komplex-kapseln-mit-hyaluron-und-q10-60stk-pzn-18729032", "https://www.apotheke.de/anti-aging-komplex-kapseln-mit-hyaluron-und-q10-60stk-pzn-18729032", "https://www.apotheke.de/anti-aging-komplex-kapseln-mit-hyaluron-und-q10-60stk-pzn-18729032", "https://www.apotheke.de/anti-aging-komplex-kapseln-mit-hyaluron-und-q10-60stk-pzn-18729032", "https://www.apotheke.de/sensetics-vitalize-beauty-kollagen-trinkampullen-14x25ml-pzn-18438872", "https://www.apotheke.de/sensetics-vitalize-beauty-kollagen-trinkampullen-14x25ml-pzn-18438872", "https://www.apotheke.de/sensetics-vitalize-beauty-kollagen-trinkampullen-14x25ml-pzn-18438872", "https://www.apotheke.de/sensetics-vitalize-beauty-kollagen-trinkampullen-14x25ml-pzn-18438872/erfahrungen", "https://www.apotheke.de/sensetics-vitalize-beauty-kollagen-trinkampullen-14x25ml-pzn-18438872", "https://www.apotheke.de/sensetics-vitalize-beauty-kollagen-trinkampullen-14x25ml-pzn-18438872", "https://www.apotheke.de/priorin-kapseln-bei-haarausfall-270stk-pzn-15266092", "https://www.apotheke.de/priorin-kapseln-bei-haarausfall-270stk-pzn-15266092", "https://www.apotheke.de/priorin-kapseln-bei-haarausfall-270stk-pzn-15266092", "https://www.apotheke.de/priorin-kapseln-bei-haarausfall-270stk-pzn-15266092/erfahrungen", "https://www.apotheke.de/priorin-kapseln-bei-haarausfall-270stk-pzn-15266092", "https://www.apotheke.de/priorin-kapseln-bei-haarausfall-270stk-pzn-15266092", "https://www.apotheke.de/priorin-kapseln-bei-haarausfall-120stk-pzn-04002065", "https://www.apotheke.de/priorin-kapseln-bei-haarausfall-120stk-pzn-04002065", "https://www.apotheke.de/priorin-kapseln-bei-haarausfall-120stk-pzn-04002065", "https://www.apotheke.de/priorin-kapseln-bei-haarausfall-120stk-pzn-04002065/erfahrungen", "https://www.apotheke.de/priorin-kapseln-bei-haarausfall-120stk-pzn-04002065", "https://www.apotheke.de/priorin-kapseln-bei-haarausfall-120stk-pzn-04002065", "https://www.apotheke.de/magnesium-verla-40mg-n-dragees-200stk-pzn-04911945", "https://www.apotheke.de/magnesium-verla-40mg-n-dragees-200stk-pzn-04911945", "https://www.apotheke.de/magnesium-verla-40mg-n-dragees-200stk-pzn-04911945", "https://www.apotheke.de/magnesium-verla-40mg-n-dragees-200stk-pzn-04911945/erfahrungen", "https://www.apotheke.de/magnesium-verla-40mg-n-dragees-200stk-pzn-04911945", "https://www.apotheke.de/magnesium-verla-40mg-n-dragees-200stk-pzn-04911945", "https://www.apotheke.de/zinkorot-25-mg-tabletten-100stk-pzn-18082903", "https://www.apotheke.de/zinkorot-25-mg-tabletten-100stk-pzn-18082903", "https://www.apotheke.de/zinkorot-25-mg-tabletten-100stk-pzn-18082903", "https://www.apotheke.de/zinkorot-25-mg-tabletten-100stk-pzn-18082903/erfahrungen", "https://www.apotheke.de/zinkorot-25-mg-tabletten-100stk-pzn-18082903", "https://www.apotheke.de/zinkorot-25-mg-tabletten-100stk-pzn-18082903", "https://www.apotheke.de/zinkorotat-pos-100stk-pzn-06340903", "https://www.apotheke.de/zinkorotat-pos-100stk-pzn-06340903", "https://www.apotheke.de/zinkorotat-pos-100stk-pzn-06340903", "https://www.apotheke.de/zinkorotat-pos-100stk-pzn-06340903/erfahrungen", "https://www.apotheke.de/zinkorotat-pos-100stk-pzn-06340903", "https://www.apotheke.de/zinkorotat-pos-100stk-pzn-06340903", "https://www.apotheke.de/elasten-trinkampullen-28stk-pzn-10048806", "https://www.apotheke.de/elasten-trinkampullen-28stk-pzn-10048806", "https://www.apotheke.de/elasten-trinkampullen-28stk-pzn-10048806", "https://www.apotheke.de/elasten-trinkampullen-28stk-pzn-10048806/erfahrungen", "https://www.apotheke.de/elasten-trinkampullen-28stk-pzn-10048806", "https://www.apotheke.de/elasten-trinkampullen-28stk-pzn-10048806", "https://www.apotheke.de/mucozink-pulver-600g-pzn-02019819", "https://www.apotheke.de/mucozink-pulver-600g-pzn-02019819", "https://www.apotheke.de/mucozink-pulver-600g-pzn-02019819", "https://www.apotheke.de/mucozink-pulver-600g-pzn-02019819", "https://www.apotheke.de/mucozink-pulver-600g-pzn-02019819", "https://www.apotheke.de/aminocarin-kapseln-120stk-pzn-08747371", "https://www.apotheke.de/aminocarin-kapseln-120stk-pzn-08747371", "https://www.apotheke.de/aminocarin-kapseln-120stk-pzn-08747371", "https://www.apotheke.de/aminocarin-kapseln-120stk-pzn-08747371/erfahrungen", "https://www.apotheke.de/aminocarin-kapseln-120stk-pzn-08747371", "https://www.apotheke.de/aminocarin-kapseln-120stk-pzn-08747371", "https://www.apotheke.de/ducray-kelual-ds-anti-schuppen-shampoo-100ml-pzn-02894355", "https://www.apotheke.de/ducray-kelual-ds-anti-schuppen-shampoo-100ml-pzn-02894355", "https://www.apotheke.de/ducray-kelual-ds-anti-schuppen-shampoo-100ml-pzn-02894355", "https://www.apotheke.de/ducray-kelual-ds-anti-schuppen-shampoo-100ml-pzn-02894355/erfahrungen", "https://www.apotheke.de/ducray-kelual-ds-anti-schuppen-shampoo-100ml-pzn-02894355", "https://www.apotheke.de/ducray-kelual-ds-anti-schuppen-shampoo-100ml-pzn-02894355", "https://www.apotheke.de/eucerin-dermocapillaire-kopfhautberuhurea-shampoo-250ml-pzn-09508059", "https://www.apotheke.de/eucerin-dermocapillaire-kopfhautberuhurea-shampoo-250ml-pzn-09508059", "https://www.apotheke.de/eucerin-dermocapillaire-kopfhautberuhurea-shampoo-250ml-pzn-09508059", "https://www.apotheke.de/eucerin-dermocapillaire-kopfhautberuhurea-shampoo-250ml-pzn-09508059/erfahrungen", "https://www.apotheke.de/eucerin-dermocapillaire-kopfhautberuhurea-shampoo-250ml-pzn-09508059", "https://www.apotheke.de/eucerin-dermocapillaire-kopfhautberuhurea-shampoo-250ml-pzn-09508059", "https://www.apotheke.de/sikapur-kieselsaeure-softgel-kapseln-mit-biotin-90stk-pzn-09923835", "https://www.apotheke.de/sikapur-kieselsaeure-softgel-kapseln-mit-biotin-90stk-pzn-09923835", "https://www.apotheke.de/sikapur-kieselsaeure-softgel-kapseln-mit-biotin-90stk-pzn-09923835", "https://www.apotheke.de/sikapur-kieselsaeure-softgel-kapseln-mit-biotin-90stk-pzn-09923835", "https://www.apotheke.de/sikapur-kieselsaeure-softgel-kapseln-mit-biotin-90stk-pzn-09923835", "https://www.apotheke.de/priorin-kapseln-bei-haarausfall-30stk-pzn-04002059", "https://www.apotheke.de/priorin-kapseln-bei-haarausfall-30stk-pzn-04002059", "https://www.apotheke.de/priorin-kapseln-bei-haarausfall-30stk-pzn-04002059", "https://www.apotheke.de/priorin-kapseln-bei-haarausfall-30stk-pzn-04002059/erfahrungen", "https://www.apotheke.de/priorin-kapseln-bei-haarausfall-30stk-pzn-04002059", "https://www.apotheke.de/priorin-kapseln-bei-haarausfall-30stk-pzn-04002059", "https://www.apotheke.de/eucerin-dermocapillaire-kopfhautberuhigendtonikum-100ml-pzn-09508065", "https://www.apotheke.de/eucerin-dermocapillaire-kopfhautberuhigendtonikum-100ml-pzn-09508065", "https://www.apotheke.de/eucerin-dermocapillaire-kopfhautberuhigendtonikum-100ml-pzn-09508065", "https://www.apotheke.de/eucerin-dermocapillaire-kopfhautberuhigendtonikum-100ml-pzn-09508065", "https://www.apotheke.de/eucerin-dermocapillaire-kopfhautberuhigendtonikum-100ml-pzn-09508065", "https://www.apotheke.de/doppelherz-system-kollagen-beauty-ampullen-30stk-pzn-13332904", "https://www.apotheke.de/doppelherz-system-kollagen-beauty-ampullen-30stk-pzn-13332904", "https://www.apotheke.de/doppelherz-system-kollagen-beauty-ampullen-30stk-pzn-13332904", "https://www.apotheke.de/doppelherz-system-kollagen-beauty-ampullen-30stk-pzn-13332904/erfahrungen", "https://www.apotheke.de/doppelherz-system-kollagen-beauty-ampullen-30stk-pzn-13332904", "https://www.apotheke.de/doppelherz-system-kollagen-beauty-ampullen-30stk-pzn-13332904", "https://www.apotheke.de/zinkorotat-pos-500stk-pzn-06340926", "https://www.apotheke.de/zinkorotat-pos-500stk-pzn-06340926", "https://www.apotheke.de/zinkorotat-pos-500stk-pzn-06340926", "https://www.apotheke.de/zinkorotat-pos-500stk-pzn-06340926/erfahrungen", "https://www.apotheke.de/zinkorotat-pos-500stk-pzn-06340926", "https://www.apotheke.de/zinkorotat-pos-500stk-pzn-06340926", "https://www.apotheke.de/basen-citrate-pur-pulver-nach-apotheker-rudolf-keil-216g-pzn-03755779", "https://www.apotheke.de/basen-citrate-pur-pulver-nach-apotheker-rudolf-keil-216g-pzn-03755779", "https://www.apotheke.de/basen-citrate-pur-pulver-nach-apotheker-rudolf-keil-216g-pzn-03755779", "https://www.apotheke.de/basen-citrate-pur-pulver-nach-apotheker-rudolf-keil-216g-pzn-03755779/erfahrungen", "https://www.apotheke.de/basen-citrate-pur-pulver-nach-apotheker-rudolf-keil-216g-pzn-03755779", "https://www.apotheke.de/basen-citrate-pur-pulver-nach-apotheker-rudolf-keil-216g-pzn-03755779", "https://www.apotheke.de/eucerin-dermocapillaire-anti-schuppen-gel-shampoo-250ml-pzn-09508094", "https://www.apotheke.de/eucerin-dermocapillaire-anti-schuppen-gel-shampoo-250ml-pzn-09508094", "https://www.apotheke.de/eucerin-dermocapillaire-anti-schuppen-gel-shampoo-250ml-pzn-09508094", "https://www.apotheke.de/eucerin-dermocapillaire-anti-schuppen-gel-shampoo-250ml-pzn-09508094", "https://www.apotheke.de/eucerin-dermocapillaire-anti-schuppen-gel-shampoo-250ml-pzn-09508094", "https://www.apotheke.de/physiogel-scalp-care-mildes-shampoo-empfindliche-kopfhaut-250ml-pzn-04362705", "https://www.apotheke.de/physiogel-scalp-care-mildes-shampoo-empfindliche-kopfhaut-250ml-pzn-04362705", "https://www.apotheke.de/physiogel-scalp-care-mildes-shampoo-empfindliche-kopfhaut-250ml-pzn-04362705", "https://www.apotheke.de/physiogel-scalp-care-mildes-shampoo-empfindliche-kopfhaut-250ml-pzn-04362705", "https://www.apotheke.de/physiogel-scalp-care-mildes-shampoo-empfindliche-kopfhaut-250ml-pzn-04362705", "https://www.apotheke.de/hair-volume-tabletten-90stk-pzn-10260452", "https://www.apotheke.de/hair-volume-tabletten-90stk-pzn-10260452", "https://www.apotheke.de/hair-volume-tabletten-90stk-pzn-10260452", "https://www.apotheke.de/hair-volume-tabletten-90stk-pzn-10260452/erfahrungen", "https://www.apotheke.de/hair-volume-tabletten-90stk-pzn-10260452", "https://www.apotheke.de/hair-volume-tabletten-90stk-pzn-10260452", "https://www.apotheke.de/zinkorot-25-mg-tabletten-50stk-pzn-18082895", "https://www.apotheke.de/zinkorot-25-mg-tabletten-50stk-pzn-18082895", "https://www.apotheke.de/zinkorot-25-mg-tabletten-50stk-pzn-18082895", "https://www.apotheke.de/zinkorot-25-mg-tabletten-50stk-pzn-18082895/erfahrungen", "https://www.apotheke.de/zinkorot-25-mg-tabletten-50stk-pzn-18082895", "https://www.apotheke.de/zinkorot-25-mg-tabletten-50stk-pzn-18082895", "https://www.apotheke.de/eucerin-dermocapillaire-anti-schuppen-creme-shamp-250ml-pzn-09508102", "https://www.apotheke.de/eucerin-dermocapillaire-anti-schuppen-creme-shamp-250ml-pzn-09508102", "https://www.apotheke.de/eucerin-dermocapillaire-anti-schuppen-creme-shamp-250ml-pzn-09508102", "https://www.apotheke.de/eucerin-dermocapillaire-anti-schuppen-creme-shamp-250ml-pzn-09508102/erfahrungen", "https://www.apotheke.de/eucerin-dermocapillaire-anti-schuppen-creme-shamp-250ml-pzn-09508102", "https://www.apotheke.de/eucerin-dermocapillaire-anti-schuppen-creme-shamp-250ml-pzn-09508102", "https://www.apotheke.de/cetaphil-pro-itchcontrol-repair-sensitive-regenerierende-handcre-50ml-pzn-13839359", "https://www.apotheke.de/cetaphil-pro-itchcontrol-repair-sensitive-regenerierende-handcre-50ml-pzn-13839359", "https://www.apotheke.de/cetaphil-pro-itchcontrol-repair-sensitive-regenerierende-handcre-50ml-pzn-13839359", "https://www.apotheke.de/cetaphil-pro-itchcontrol-repair-sensitive-regenerierende-handcre-50ml-pzn-13839359", "https://www.apotheke.de/cetaphil-pro-itchcontrol-repair-sensitive-regenerierende-handcre-50ml-pzn-13839359", "https://www.apotheke.de/eucerin-urea-repair-plus-handcreme-5-75ml-pzn-11678099", "https://www.apotheke.de/eucerin-urea-repair-plus-handcreme-5-75ml-pzn-11678099", "https://www.apotheke.de/eucerin-urea-repair-plus-handcreme-5-75ml-pzn-11678099", "https://www.apotheke.de/eucerin-urea-repair-plus-handcreme-5-75ml-pzn-11678099", "https://www.apotheke.de/eucerin-urea-repair-plus-handcreme-5-75ml-pzn-11678099", "https://www.apotheke.de/eucerin-atopicontrol-hand-intensiv-creme-75ml-pzn-12441459", "https://www.apotheke.de/eucerin-atopicontrol-hand-intensiv-creme-75ml-pzn-12441459", "https://www.apotheke.de/eucerin-atopicontrol-hand-intensiv-creme-75ml-pzn-12441459", "https://www.apotheke.de/eucerin-atopicontrol-hand-intensiv-creme-75ml-pzn-12441459/erfahrungen", "https://www.apotheke.de/eucerin-atopicontrol-hand-intensiv-creme-75ml-pzn-12441459", "https://www.apotheke.de/eucerin-atopicontrol-hand-intensiv-creme-75ml-pzn-12441459", "https://www.apotheke.de/bockshorn-mikronaehrstoff-haarkapseln-tisane-180stk-pzn-05010569", "https://www.apotheke.de/bockshorn-mikronaehrstoff-haarkapseln-tisane-180stk-pzn-05010569", "https://www.apotheke.de/bockshorn-mikronaehrstoff-haarkapseln-tisane-180stk-pzn-05010569", "https://www.apotheke.de/bockshorn-mikronaehrstoff-haarkapseln-tisane-180stk-pzn-05010569", "https://www.apotheke.de/bockshorn-mikronaehrstoff-haarkapseln-tisane-180stk-pzn-05010569", "https://www.apotheke.de/hyaluronsaeure-100-kollagen-400-kapseln-120stk-pzn-02695704", "https://www.apotheke.de/hyaluronsaeure-100-kollagen-400-kapseln-120stk-pzn-02695704", "https://www.apotheke.de/hyaluronsaeure-100-kollagen-400-kapseln-120stk-pzn-02695704", "https://www.apotheke.de/hyaluronsaeure-100-kollagen-400-kapseln-120stk-pzn-02695704", "https://www.apotheke.de/hyaluronsaeure-100-kollagen-400-kapseln-120stk-pzn-02695704", "https://www.apotheke.de/sos-microsilber-handcreme-75ml-pzn-12905551", "https://www.apotheke.de/sos-microsilber-handcreme-75ml-pzn-12905551", "https://www.apotheke.de/sos-microsilber-handcreme-75ml-pzn-12905551", "https://www.apotheke.de/sos-microsilber-handcreme-75ml-pzn-12905551", "https://www.apotheke.de/sos-microsilber-handcreme-75ml-pzn-12905551", "https://www.apotheke.de/selen-200-myg-tabletten-120stk-pzn-15745680", "https://www.apotheke.de/selen-200-myg-tabletten-120stk-pzn-15745680", "https://www.apotheke.de/selen-200-myg-tabletten-120stk-pzn-15745680", "https://www.apotheke.de/selen-200-myg-tabletten-120stk-pzn-15745680/erfahrungen", "https://www.apotheke.de/selen-200-myg-tabletten-120stk-pzn-15745680", "https://www.apotheke.de/selen-200-myg-tabletten-120stk-pzn-15745680", "https://www.apotheke.de/roche-posay-kerium-cremeshampoo-trockene-haut-200ml-pzn-04229018", "https://www.apotheke.de/roche-posay-kerium-cremeshampoo-trockene-haut-200ml-pzn-04229018", "https://www.apotheke.de/roche-posay-kerium-cremeshampoo-trockene-haut-200ml-pzn-04229018", "https://www.apotheke.de/roche-posay-kerium-cremeshampoo-trockene-haut-200ml-pzn-04229018/erfahrungen", "https://www.apotheke.de/roche-posay-kerium-cremeshampoo-trockene-haut-200ml-pzn-04229018", "https://www.apotheke.de/roche-posay-kerium-cremeshampoo-trockene-haut-200ml-pzn-04229018", "https://www.apotheke.de/stieprox-intensiv-shampoo-ciclopiroxolamin-15-100ml-pzn-00085077", "https://www.apotheke.de/stieprox-intensiv-shampoo-ciclopiroxolamin-15-100ml-pzn-00085077", "https://www.apotheke.de/stieprox-intensiv-shampoo-ciclopiroxolamin-15-100ml-pzn-00085077", "https://www.apotheke.de/stieprox-intensiv-shampoo-ciclopiroxolamin-15-100ml-pzn-00085077/erfahrungen", "https://www.apotheke.de/stieprox-intensiv-shampoo-ciclopiroxolamin-15-100ml-pzn-00085077", "https://www.apotheke.de/stieprox-intensiv-shampoo-ciclopiroxolamin-15-100ml-pzn-00085077", "https://www.apotheke.de/eubos-sensitive-hand-repair-schutz-creme-spender-150ml-pzn-16620590", "https://www.apotheke.de/eubos-sensitive-hand-repair-schutz-creme-spender-150ml-pzn-16620590", "https://www.apotheke.de/eubos-sensitive-hand-repair-schutz-creme-spender-150ml-pzn-16620590", "https://www.apotheke.de/eubos-sensitive-hand-repair-schutz-creme-spender-150ml-pzn-16620590/erfahrungen", "https://www.apotheke.de/eubos-sensitive-hand-repair-schutz-creme-spender-150ml-pzn-16620590", "https://www.apotheke.de/eubos-sensitive-hand-repair-schutz-creme-spender-150ml-pzn-16620590", "https://www.apotheke.de/amitamin-hair-plus-kapseln-60stk-pzn-07689275", "https://www.apotheke.de/amitamin-hair-plus-kapseln-60stk-pzn-07689275", "https://www.apotheke.de/amitamin-hair-plus-kapseln-60stk-pzn-07689275", "https://www.apotheke.de/amitamin-hair-plus-kapseln-60stk-pzn-07689275", "https://www.apotheke.de/amitamin-hair-plus-kapseln-60stk-pzn-07689275", "https://www.apotheke.de/aminoplus-frau-pulver-30stk-pzn-15386904", "https://www.apotheke.de/aminoplus-frau-pulver-30stk-pzn-15386904", "https://www.apotheke.de/aminoplus-frau-pulver-30stk-pzn-15386904", "https://www.apotheke.de/aminoplus-frau-pulver-30stk-pzn-15386904", "https://www.apotheke.de/aminoplus-frau-pulver-30stk-pzn-15386904", "https://www.apotheke.de/luvos-heilerde-bio-haar-nagel-plus-kapseln-60stk-pzn-13780809", "https://www.apotheke.de/luvos-heilerde-bio-haar-nagel-plus-kapseln-60stk-pzn-13780809", "https://www.apotheke.de/luvos-heilerde-bio-haar-nagel-plus-kapseln-60stk-pzn-13780809", "https://www.apotheke.de/luvos-heilerde-bio-haar-nagel-plus-kapseln-60stk-pzn-13780809", "https://www.apotheke.de/luvos-heilerde-bio-haar-nagel-plus-kapseln-60stk-pzn-13780809", "https://www.apotheke.de/la-roche-posay-cicaplast-handcreme-100ml-pzn-16849128", "https://www.apotheke.de/la-roche-posay-cicaplast-handcreme-100ml-pzn-16849128", "https://www.apotheke.de/la-roche-posay-cicaplast-handcreme-100ml-pzn-16849128", "https://www.apotheke.de/la-roche-posay-cicaplast-handcreme-100ml-pzn-16849128", "https://www.apotheke.de/la-roche-posay-cicaplast-handcreme-100ml-pzn-16849128", "https://www.apotheke.de/stop-n-grow-8ml-pzn-01420342", "https://www.apotheke.de/stop-n-grow-8ml-pzn-01420342", "https://www.apotheke.de/stop-n-grow-8ml-pzn-01420342", "https://www.apotheke.de/stop-n-grow-8ml-pzn-01420342/erfahrungen", "https://www.apotheke.de/stop-n-grow-8ml-pzn-01420342", "https://www.apotheke.de/stop-n-grow-8ml-pzn-01420342", "https://www.apotheke.de/linola-shampoo-200ml-pzn-00683565", "https://www.apotheke.de/linola-shampoo-200ml-pzn-00683565", "https://www.apotheke.de/linola-shampoo-200ml-pzn-00683565", "https://www.apotheke.de/linola-shampoo-200ml-pzn-00683565/erfahrungen", "https://www.apotheke.de/linola-shampoo-200ml-pzn-00683565", "https://www.apotheke.de/linola-shampoo-200ml-pzn-00683565", "https://www.apotheke.de/cetaphil-repair-regenerierende-handcreme-50ml-pzn-15897148", "https://www.apotheke.de/cetaphil-repair-regenerierende-handcreme-50ml-pzn-15897148", "https://www.apotheke.de/cetaphil-repair-regenerierende-handcreme-50ml-pzn-15897148", "https://www.apotheke.de/cetaphil-repair-regenerierende-handcreme-50ml-pzn-15897148", "https://www.apotheke.de/cetaphil-repair-regenerierende-handcreme-50ml-pzn-15897148", "https://www.apotheke.de/linola-hand-creme-75ml-pzn-09221091", "https://www.apotheke.de/linola-hand-creme-75ml-pzn-09221091", "https://www.apotheke.de/linola-hand-creme-75ml-pzn-09221091", "https://www.apotheke.de/linola-hand-creme-75ml-pzn-09221091/erfahrungen", "https://www.apotheke.de/linola-hand-creme-75ml-pzn-09221091", "https://www.apotheke.de/linola-hand-creme-75ml-pzn-09221091", "https://www.apotheke.de/zink-hexal-20stk-pzn-02415337", "https://www.apotheke.de/zink-hexal-20stk-pzn-02415337", "https://www.apotheke.de/zink-hexal-20stk-pzn-02415337", "https://www.apotheke.de/zink-hexal-20stk-pzn-02415337/erfahrungen", "https://www.apotheke.de/zink-hexal-20stk-pzn-02415337", "https://www.apotheke.de/zink-hexal-20stk-pzn-02415337", "https://www.apotheke.de/cloderm-anti-schuppen-shampoo-100ml-pzn-05917789", "https://www.apotheke.de/cloderm-anti-schuppen-shampoo-100ml-pzn-05917789", "https://www.apotheke.de/cloderm-anti-schuppen-shampoo-100ml-pzn-05917789", "https://www.apotheke.de/cloderm-anti-schuppen-shampoo-100ml-pzn-05917789/erfahrungen", "https://www.apotheke.de/cloderm-anti-schuppen-shampoo-100ml-pzn-05917789", "https://www.apotheke.de/cloderm-anti-schuppen-shampoo-100ml-pzn-05917789", "https://www.apotheke.de/haut-haare-naegel-c-1141?page=2", "https://www.apotheke.de/haut-haare-naegel-c-1141?page=3", "https://www.apotheke.de/haut-haare-naegel-c-1141?page=4", "https://www.apotheke.de/haut-haare-naegel-c-1141?page=5", "https://www.apotheke.de/haut-haare-naegel-c-1141?page=2", "https://www.apotheke.de/haut-haare-naegel-c-1141?fbrand%5B0%5D=403&filter_is_open=true", "https://www.apotheke.de/haut-haare-naegel-c-1141?fbrand%5B0%5D=306&filter_is_open=true", "https://www.apotheke.de/haut-haare-naegel-c-1141?fbrand%5B0%5D=176&filter_is_open=true", "https://www.apotheke.de/haut-haare-naegel-c-1141?fbrand%5B0%5D=527&filter_is_open=true", "https://www.apotheke.de/haut-haare-naegel-c-1141?fbrand%5B0%5D=158&filter_is_open=true", "https://www.apotheke.de/haut-haare-naegel-c-1141?fbrand%5B0%5D=273&filter_is_open=true", "https://www.apotheke.de/haut-haare-naegel-c-1141?fbrand%5B0%5D=151&filter_is_open=true", "https://www.apotheke.de/haut-haare-naegel-c-1141?fbrand%5B0%5D=144&filter_is_open=true", "https://www.apotheke.de/haut-haare-naegel-c-1141?fbrand%5B0%5D=442&filter_is_open=true", "https://www.apotheke.de/haut-haare-naegel-c-1141?fbrand%5B0%5D=175&filter_is_open=true", "https://www.apotheke.de/haut-haare-naegel-c-1141?fbrand%5B0%5D=92&filter_is_open=true", "https://www.apotheke.de/haut-haare-naegel-c-1141?fbrand%5B0%5D=395&filter_is_open=true", "https://www.apotheke.de/haut-haare-naegel-c-1141?fbrand%5B0%5D=455&filter_is_open=true", "https://www.apotheke.de/haut-haare-naegel-c-1141?fbrand%5B0%5D=180&filter_is_open=true", "https://www.apotheke.de/haut-haare-naegel-c-1141?fbrand%5B0%5D=679&filter_is_open=true", "https://www.apotheke.de/haut-haare-naegel-c-1141?fbrand%5B0%5D=553&filter_is_open=true", "https://www.apotheke.de/haut-haare-naegel-c-1141?fbrand%5B0%5D=3&filter_is_open=true", "https://www.apotheke.de/haut-haare-naegel-c-1141?fbrand%5B0%5D=43&filter_is_open=true", "https://www.apotheke.de/haut-haare-naegel-c-1141?fbrand%5B0%5D=497&filter_is_open=true", "https://www.apotheke.de/haut-haare-naegel-c-1141?fbrand%5B0%5D=427&filter_is_open=true", "https://www.apotheke.de/haut-haare-naegel-c-1141?fbrand%5B0%5D=483&filter_is_open=true", "https://www.apotheke.de/haut-haare-naegel-c-1141?fbrand%5B0%5D=297&filter_is_open=true", "https://www.apotheke.de/haut-haare-naegel-c-1141?fbrand%5B0%5D=535&filter_is_open=true", "https://www.apotheke.de/haut-haare-naegel-c-1141?fbrand%5B0%5D=415&filter_is_open=true", "https://www.apotheke.de/beiersdorf-ag-c-868", "https://www.apotheke.de/loral-deutschland-gmbh-c-874", "https://www.apotheke.de/klosterfrau-healthcare-group-c-1429", "https://www.apotheke.de/bayer-healthcare-ag-c-855", "https://www.apotheke.de/hexal-c-1648", "https://www.apotheke.de/aspirin-c-312", "https://www.apotheke.de/basica-c-1147", "https://www.apotheke.de/dhu-schuessler-salze-c-379", "https://www.apotheke.de/doppelherz-c-1151", "https://www.apotheke.de/advanced_search_result.php?keywords=Frontline", "https://www.apotheke.de/mucosolvan-c-1037", "https://www.apotheke.de/ratiopharm-c-316", "https://www.apotheke.de/-c-362", "https://www.apotheke.de/advanced_search_result.php?keywords=Thermacare", "https://www.apotheke.de/wick-c-1747", "https://www.apotheke.de/firmen-c-711", "https://www.apotheke.de/sicherheitsserver", "https://www.cbg-meb.nl/onderwerpen/bd-internethandel-diergeneesmiddelen/register-internethandel-diergeneesmiddelen", "", "https://www.apotheke.de/zahlungsarten", "https://www.apotheke.de/zahlungsarten", "https://www.apotheke.de/zahlungsarten", "https://www.apotheke.de/zahlungsarten", "https://www.apotheke.de/liefer-und-versandkosten", "https://www.idealo.de/preisvergleich/Shop/302344.html", "https://www.apotheke.de/show_order_details.php", "https://www.apotheke.de/liefer-und-versandkosten", "https://www.apotheke.de/retouren", "https://www.apotheke.de/kontakt", "https://www.apotheke.de/wechselwirkungscheck", "https://www.apotheke.de/team", "https://www.facebook.com/ApothekedeOnlineapotheke", "https://www.apotheke.de/geschenkideen-c-1178", "https://www.apotheke.de/gesundheitstipps-c-611", "https://www.apotheke.de/versandapotheke", "https://www.apotheke.de/firmen-c-711", "https://www.apotheke.de/online-apotheke", "https://www.apotheke.de/rezeptbestellung", "https://www.apotheke.de/datenschutz", "https://www.apotheke.de/online-streitbeilegung", "https://www.apotheke.de/informationen-zur-batterieverordnung", "https://www.apotheke.de/agb", "https://www.apotheke.de/impressum"]}