{"title": "Raumspray Zirbelkiefer kaufen | Volksversand Versandapotheke", "author": null, "url": "https://volksversand.de/familie-und-baby/raumspray-zirbelkiefer-pzn-11543198-2862258", "hostname": "volksversand.de", "description": "Raumspray Zirbelkiefer weckt die Lebensgeister Das Raumspray mit dem holzig-frischen Duft der Zirbelkiefer (Pinus cembra) weckt die Lebensgeister und belebt die Sinne. Schon wenige Spr\u00fchst\u00f6\u00dfe gen\u00fcgen, um R\u00e4umen eine ganz besondere...", "sitename": "Volksversand Versandapotheke", "date": "2020-02-06", "id": null, "license": null, "body": null, "comments": "", "commentsbody": null, "raw_text": null, "text": "Der Artikel wurde erfolgreich hinzugef\u00fcgt.\nRaumspray Zirbelkiefer\n- Nat\u00fcrliche Duftmischung\n- Angenehmer holzig-frischer Duft\n- Weckt die Lebensgeister und belebt die Sinne\n- Mit fabelhafter Duftentwicklung\nArtikelnummer:\n2862258\nPZN:\n11543198\nInhalt:\n30 ml Spray\nMarke:\nInhalt 30 ml Spray\nUVP 6,30 \u20ac 5,49 \u20ac 0.03 Liter (183,00 \u20ac / 1 Liter) 12\nP 50 Bonuspunkte sichern\n[Jetzt Bonuspunkte sammeln](/volksversand-bonuspunkte)\n21\n[](https://volksversand.de/naturheilmittel-und-homoeopathie/lavendeloel-10-ml-aetherisches-oel-pzn-04645136-2057925)\n(3)\n[Lavendel\u00f6l](https://volksversand.de/naturheilmittel-und-homoeopathie/lavendeloel-10-ml-aetherisches-oel-pzn-04645136-2057925)\nZur Entspannung\nUVP 10,22 \u20ac 7,99 \u20ac\nInhalt 10 ml \u00c4therisches \u00d6l\n0.01 l (799,00 \u20ac / 1 l)\n0.01 l (799,00 \u20ac / 1 l)\n[](https://volksversand.de/naturheilmittel-und-homoeopathie/schlafwohl-kissenspray-bio-30-ml-aetherisches-oel-pzn-13168008-2916088)\n(2)\n[Schlafwohl Kissenspray Bio](https://volksversand.de/naturheilmittel-und-homoeopathie/schlafwohl-kissenspray-bio-30-ml-aetherisches-oel-pzn-13168008-2916088)\nSchlafwohl Kissenspray\n10,90 \u20ac\nInhalt 30 ml \u00c4therisches \u00d6l\n0.03 l (363,33 \u20ac / 1 l)\n0.03 l (363,33 \u20ac / 1 l)\n[](https://volksversand.de/naturheilmittel-und-homoeopathie/japanisches-minzoel-aetherisch-pzn-00468401-2293280) [Japanisches Minz\u00f6l \u00c4therisch](https://volksversand.de/naturheilmittel-und-homoeopathie/japanisches-minzoel-aetherisch-pzn-00468401-2293280)\n\u00c4therisches \u00d6l\n4,25 \u20ac\nInhalt 10 ml \u00c4therisches \u00d6l\n0.01 l (425,00 \u20ac / 1 l)\n0.01 l (425,00 \u20ac / 1 l)\nGRATIS\nVersand\nVersand\n[](https://volksversand.de/naturheilmittel-und-homoeopathie/saenger-oel-dr.-weihofen-pur-natur-30-ml-spruehflasche-pzn-01486068-2395465) [S\u00e4nger \u00d6l Dr. Weihofen pur natur](https://volksversand.de/naturheilmittel-und-homoeopathie/saenger-oel-dr.-weihofen-pur-natur-30-ml-spruehflasche-pzn-01486068-2395465)\nF\u00fcr die Stimme\n16,90 \u20ac\nInhalt 30 ml Spr\u00fchflasche\n0.03 l (563,33 \u20ac / 1 l)\n0.03 l (563,33 \u20ac / 1 l)\n[](https://volksversand.de/naturheilmittel-und-homoeopathie/zirbenoel-aetherisch-bio-unterweger-20-ml-pzn-12437794-3123049) [Zirben\u00f6l \u00e4therisch Bio Unterweger](https://volksversand.de/naturheilmittel-und-homoeopathie/zirbenoel-aetherisch-bio-unterweger-20-ml-pzn-12437794-3123049)\n\u00c4therisches \u00d6l\n13,50 \u20ac\nInhalt 20 ml \u00c4therisches \u00d6l\n0.02 l (675,00 \u20ac / 1 l)\n0.02 l (675,00 \u20ac / 1 l)\n[](https://volksversand.de/naturheilmittel-und-homoeopathie/aetherisches-oel-lemongrass-guathemala-10-ml-aetherisches-oel-pzn-01236696-2151546) [\u00c4therisches \u00d6l Lemongrass Guathemala](https://volksversand.de/naturheilmittel-und-homoeopathie/aetherisches-oel-lemongrass-guathemala-10-ml-aetherisches-oel-pzn-01236696-2151546)\nZur Beruhigung\n6,89 \u20ac\nInhalt 10 ml \u00c4therisches \u00d6l\n0.01 l (689,00 \u20ac / 1 l)\n0.01 l (689,00 \u20ac / 1 l)\n45\n[](https://volksversand.de/arzneimittel/nasenspray-ratiopharm-erwachsene-2-x-15-ml-pzn-00999848-2277838)\n(837)\n[NasenSpray-ratiopharm Erwachsene](https://volksversand.de/arzneimittel/nasenspray-ratiopharm-erwachsene-2-x-15-ml-pzn-00999848-2277838)\nBei Schnupfen\nAVP* 13,94 \u20ac 7,65 \u20ac\nInhalt 2 x 15 ml Nasenspray\n0.03 l (255,00 \u20ac / 1 l)\n0.03 l (255,00 \u20ac / 1 l)\n60\n[](https://volksversand.de/arzneimittel/ibuprofen-medibond-400mg-schmerztabletten-50-stueck-pzn-12472371-2909844)\n(163)\n[Ibuprofen Medibond 400mg Schmerztabletten](https://volksversand.de/arzneimittel/ibuprofen-medibond-400mg-schmerztabletten-50-stueck-pzn-12472371-2909844)\nBei Schmerzen und Fieber\nAVP* 12,52 \u20ac 4,99 \u20ac\nInhalt 50 Filmtabletten\n36\nGRATIS\nVersand\nVersand\n[](https://volksversand.de/arzneimittel/bepanthen-wund-und-heilsalbe-100-g-pzn-01578847-2054047)\n(105)\n[Bepanthen Wund- und Heilsalbe](https://volksversand.de/arzneimittel/bepanthen-wund-und-heilsalbe-100-g-pzn-01578847-2054047)\nBei wunder, gereizter Haut\nAVP* 18,98 \u20ac 11,99 \u20ac\nInhalt 100 g Salbe\n0.1 kg (119,90 \u20ac / 1 kg)\n0.1 kg (119,90 \u20ac / 1 kg)\n32\nGRATIS\nVersand\nVersand\n[](https://volksversand.de/arzneimittel/voltaren-schmerzgel-forte-150-g-gel-pzn-08628270-2568863)\n(530)\n[Voltaren Schmerzgel forte](https://volksversand.de/arzneimittel/voltaren-schmerzgel-forte-150-g-gel-pzn-08628270-2568863)\nEntz\u00fcndungshemmendes Schmerzgel\nAVP* 29,64 \u20ac 19,99 \u20ac\nInhalt 150 g Gel\n0.15 kg (133,27 \u20ac / 1 kg)\n0.15 kg (133,27 \u20ac / 1 kg)\n50\n[](https://volksversand.de/arzneimittel/paracetamol-medibond-500mg-schmerztabletten-20-stueck-pzn-13720440-2910792)\n(41)\n[Paracetamol Medibond 500 mg Schmerztabletten](https://volksversand.de/arzneimittel/paracetamol-medibond-500mg-schmerztabletten-20-stueck-pzn-13720440-2910792)\nBei Fieber und Schmerzen\nAVP* 3,20 \u20ac 1,59 \u20ac\nInhalt 20 Tabletten\n45\n[](https://volksversand.de/arzneimittel/nasenduo-nasenspray-2-x-10-ml-pzn-12521543-2911972)\n(96)\n[NasenDuo Nasenspray](https://volksversand.de/arzneimittel/nasenduo-nasenspray-2-x-10-ml-pzn-12521543-2911972)\nBei Schnupfen\nAVP* 15,00 \u20ac 8,25 \u20ac\nInhalt 2 x 10 ml Nasenspray\n0.02 l (412,50 \u20ac / 1 l)\n0.02 l (412,50 \u20ac / 1 l)\n37\n[](https://volksversand.de/arzneimittel/bepanthen-augen-und-nasensalbe-10-g-pzn-01578675-2054211)\n(39)\n[Bepanthen Augen- und Nasensalbe](https://volksversand.de/arzneimittel/bepanthen-augen-und-nasensalbe-10-g-pzn-01578675-2054211)\nZur Wundheilung\nAVP* 7,97 \u20ac 4,99 \u20ac\nInhalt 10 g Salbe\n0.01 kg (499,00 \u20ac / 1 kg)\n0.01 kg (499,00 \u20ac / 1 kg)\n20\n[](https://volksversand.de/naturheilmittel-und-homoeopathie/lavendel-gute-nacht-spray-2692598)\n(20)\n[Lavendel Gute Nacht](https://volksversand.de/naturheilmittel-und-homoeopathie/lavendel-gute-nacht-spray-2692598)\nZur Entspannung\nUVP 9,99 \u20ac 7,99 \u20ac\nInhalt 250 ml Spray\n0.25 l (31,96 \u20ac / 1 l)\n0.25 l (31,96 \u20ac / 1 l)\n46\nGRATIS\nVersand\nVersand\n[](https://volksversand.de/arzneimittel/acc-akut-600-mg-hustenloeser-40-brausetabletten-pzn-00520917-2080570)\n(189)\n[ACC akut 600 mg Hustenl\u00f6ser](https://volksversand.de/arzneimittel/acc-akut-600-mg-hustenloeser-40-brausetabletten-pzn-00520917-2080570)\nL\u00f6st den Hustenschleim\nAVP* 30,58 \u20ac 16,35 \u20ac\nInhalt 40 Brausetabletten\n40\n[](https://volksversand.de/arzneimittel/wick-medinait-erkaeltungssirup-fuer-die-nacht-180-ml-pzn-01689009-2077873)\n(293)\n[WICK MediNait Erk\u00e4ltungssirup f\u00fcr die Nacht](https://volksversand.de/arzneimittel/wick-medinait-erkaeltungssirup-fuer-die-nacht-180-ml-pzn-01689009-2077873)\nBei Erk\u00e4ltungsbeschwerden\nAVP* 24,49 \u20ac 14,69 \u20ac\nInhalt 180 ml Sirup\n0.18 l (81,61 \u20ac / 1 l)\n0.18 l (81,61 \u20ac / 1 l)\n52\n[](https://volksversand.de/arzneimittel/aciclovir-ratiopharm-lippenherpescreme-2-x-2-g-pzn-02286360-2277853)\n(91)\n[Aciclovir-ratiopharm Lippenherpescreme](https://volksversand.de/arzneimittel/aciclovir-ratiopharm-lippenherpescreme-2-x-2-g-pzn-02286360-2277853)\nBei Lippenherpes\nAVP* 10,50 \u20ac 4,99 \u20ac\nInhalt 2 x 2 g Creme\n0.004 kg (1.247,50 \u20ac / 1 kg)\n0.004 kg (1.247,50 \u20ac / 1 kg)\n54\n[](https://volksversand.de/nahrungsergaenzungsmittel/melatoflexx-3600-medibond-60-kapseln-pzn-13924711-2917581)\n(44)\n[Melatoflexx 360\u00b0 Medibond](https://volksversand.de/nahrungsergaenzungsmittel/melatoflexx-3600-medibond-60-kapseln-pzn-13924711-2917581)\nZur Verk\u00fcrzung der Einschlafzeit\nUVP 32,95 \u20ac 14,95 \u20ac\nInhalt 60 Kapseln\n0.027 kg (553,70 \u20ac / 1 kg)\n0.027 kg (553,70 \u20ac / 1 kg)\n21\n[](https://volksversand.de/arzneimittel/vigantol-1.000-i.e.-vitamin-d3-200-tabletten-pzn-13155690-2911576)\n(57)\n[Vigantol 1.000 I.E. Vitamin D3](https://volksversand.de/arzneimittel/vigantol-1.000-i.e.-vitamin-d3-200-tabletten-pzn-13155690-2911576)\nBei Vitamin-D-Mangel\nAVP* 16,48 \u20ac 12,99 \u20ac\nInhalt 200 Tabletten\nRaumspray Zirbelkiefer weckt die Lebensgeister Das Raumspray mit dem holzig-frischen Duft der...\n[mehr](#)\nProduktinformationen \"Raumspray Zirbelkiefer\"\nRaumspray Zirbelkiefer weckt die LebensgeisterDas Raumspray mit dem holzig-frischen Duft der Zirbelkiefer (Pinus cembra) weckt die Lebensgeister und belebt die Sinne. Schon wenige Spr\u00fchst\u00f6\u00dfe gen\u00fcgen, um R\u00e4umen eine ganz besondere Atmosph\u00e4re zu verleihen. Ob zur Entspannung, f\u00fcr mehr Wohlgef\u00fchl, zur Beseitigung von unangenehmen Ger\u00fcchen oder zur Meditation: Die Einsatzm\u00f6glichkeiten sind vielf\u00e4ltig. Verspr\u00fchen Sie den Duft zu Hause, im B\u00fcro oder im Auto und genie\u00dfen Sie das angenehme Aroma der Zirbelkiefer kombiniert mit spritzigen Zitrusnoten.\nFacettenreicher Duft der ZirbelkieferDas Duftprofil der Zirbelkiefer wird mit frisch, holzig, rein und klar beschrieben, w\u00e4hrend der Effekt ihres Duftes als anregend, st\u00e4rkend und kl\u00e4rend gilt.\nAnwendung & DosierungKleinste Dosierung mit fabelhafter Duftentwicklung: Spr\u00fchen Sie den Zirbelkiefer Raumduft bei Bedarf in die Luft und aromatisieren Sie auf diese Weise die gew\u00fcnschten R\u00e4ume.\nInhaltsstoffeDas Raumspray setzt sich aus naturreinen \u00e4therischen \u00d6len wie Zirbelkiefer, Limette, Zitrone u.a. zusammen.\nWichtige Hinweise\n- Enth\u00e4lt Limonene und Citral.\n- Bitte lagern Sie das Raumspray au\u00dferhalb der Reichweite von Kindern und beachten Sie die Hinweise und Informationen auf dem Produkt.\nWarnhinweise H-S\u00e4tzeH225: Fl\u00fcssigkeit und Dampf leicht entz\u00fcndbar.\nH317: Kann allergische Hautreaktionen verursachen.\nH302: Gesundheitssch\u00e4dlich bei Verschlucken.\nH319: Verursacht schwere Augenreizung.\nH411: Giftig f\u00fcr Wasserorganismen, mit langfristiger Wirkung.\nBeipackzettel\nHersteller:\nBergland-Pharma GmbH & Co. KG Alpenstr. D. 87751, Heimertingen\nKundenbewertungen\nVon: Volksversand-Kunde Am: 06.02.2020\nSch\u00f6ner Duft\n[Bewertungen ansehen und selbst bewerten!](#content--product-reviews)\nBewertungen lesen, schreiben und diskutieren...\n[mehr](#)\nBewertungen und Erfahrungen zu \"Raumspray Zirbelkiefer\". Das meinen unsere Kunden zu diesem Produkt:\nVon: Volksversand-Kunde Am: 06.02.2020\nSch\u00f6ner Duft\nBewertung schreiben\nBewertungen werden nach \u00dcberpr\u00fcfung freigeschaltet\nCookie-Einstellungen\nHier k\u00f6nnen Sie Ihre pers\u00f6nlichen Einstellungen vornehmen. F\u00fcr ein bestm\u00f6gliches Einkaufserlebnis empfehlen wir Ihnen, alle Cookies zuzulassen.\nKonfiguration\nTechnisch erforderlich\nDiese Cookies sind f\u00fcr die Grundfunktionen des Shops notwendig.\nKomfortfunktionen\nDiese Cookies werden genutzt um das Einkaufserlebnis noch ansprechender zu gestalten, beispielsweise f\u00fcr die Wiedererkennung des Besuchers.\nStatistik & Tracking\nDiese Cookies erfassen anonymisierte Informationen f\u00fcr Statistiken und Analysen.\nService-Dienstleister\nAuf unserer Website werden externe Dienstleister eingebunden, die Ihren Service eigenverantwortlich erbringen.\nZuletzt angesehen", "language": null, "image": "https://property.volksversand.de/media/image/ec/b0/7d/10116022-raumspray_zirbelkiefer0qUjOpOBPdX71.jpg", "pagetype": "product", "links": ["https://volksversand.de/", "/ratgeber/", "/faq", "https://volksversand.de/kontaktformular", "https://volksversand.de/volksversand-bonuspunkte", "https://volksversand.de/datenschutz", "https://volksversand.de/rueckrufservice", "https://volksversand.de/versandkosten", "https://volksversand.de/agb", "https://volksversand.de/liefer-und-zahlungsinformationen", "https://volksversand.de/impressum", "https://volksversand.de/widerrufsrecht", "/bonuspunkte", "https://volksversand.de/", "/bewertungen-zertifikate-und-auszeichnungen", "#offcanvas--left", "#show-hide--search", "/bewertungen-zertifikate-und-auszeichnungen", "/arzneimittel/angebote/", "https://volksversand.de/account", "https://volksversand.de/wishlist", "https://volksversand.de/direktbestellung", "https://volksversand.de/checkout/cart", "https://volksversand.de/abnehmen-sport-und-ernaehrung/", "https://volksversand.de/arzneimittel/", "https://volksversand.de/beauty-und-pflege/", "https://volksversand.de/familie-und-baby/", "https://volksversand.de/naturheilmittel-und-homoeopathie/", "https://volksversand.de/tiergesundheit-und-tierbedarf/", "https://volksversand.de/abnehmen-sport-und-ernaehrung/", "https://volksversand.de/abnehmen-sport-und-ernaehrung/diaet-und-abnehmen/", "https://volksversand.de/abnehmen-sport-und-ernaehrung/fitness-und-sportzubehoer/", "https://volksversand.de/abnehmen-sport-und-ernaehrung/gesunde-ernaehrung/", "https://volksversand.de/abnehmen-sport-und-ernaehrung/sportnahrung/", "https://volksversand.de/abnehmen-sport-und-ernaehrung/vegane-nahrungsergaenzung/", "https://volksversand.de/abnehmen-sport-und-ernaehrung/", "https://volksversand.de/arzneimittel/", "https://volksversand.de/arzneimittel/angebote/", "https://volksversand.de/arzneimittel/neu-im-sortiment/", "https://volksversand.de/arzneimittel/gratis-beigaben/", "https://volksversand.de/arzneimittel/allergie-und-heuschnupfen/", "https://volksversand.de/arzneimittel/augen-nase-und-ohren/", "https://volksversand.de/arzneimittel/beruhigung-schlaf-und-wohlbefinden/", "https://volksversand.de/arzneimittel/erkaeltung-und-grippe/", "https://volksversand.de/arzneimittel/haut-haare-und-naegel/", "https://volksversand.de/arzneimittel/knochen-gelenke-und-muskeln/", "https://volksversand.de/arzneimittel/magen-und-darm/", "https://volksversand.de/arzneimittel/reiseapotheke/", "https://volksversand.de/arzneimittel/schmerzmittel/", "https://volksversand.de/arzneimittel/vitamine-und-mineralien/", "https://volksversand.de/arzneimittel/", "https://volksversand.de/beauty-und-pflege/", "https://volksversand.de/beauty-und-pflege/baden-und-duschen/", "https://volksversand.de/beauty-und-pflege/bodylotion-und-koerperpflege/", "https://volksversand.de/beauty-und-pflege/fusscreme/", "https://volksversand.de/beauty-und-pflege/gesichtspflege/", "https://volksversand.de/beauty-und-pflege/haarpflege/", "https://volksversand.de/beauty-und-pflege/handcreme/", "https://volksversand.de/beauty-und-pflege/maennerpflege/", "https://volksversand.de/beauty-und-pflege/narbenpflege/", "https://volksversand.de/beauty-und-pflege/naturkosmetik/", "https://volksversand.de/beauty-und-pflege/sonnenschutz/", "https://volksversand.de/beauty-und-pflege/vegane-kosmetik/", "https://volksversand.de/beauty-und-pflege/wirkstoffe/", "https://volksversand.de/beauty-und-pflege/geschenkideen/", "https://volksversand.de/beauty-und-pflege/sale/", "https://volksversand.de/beauty-und-pflege/", "https://volksversand.de/familie-und-baby/", "https://volksversand.de/familie-und-baby/babynahrung/", "https://volksversand.de/familie-und-baby/fuer-ihn/", "https://volksversand.de/familie-und-baby/fuer-senioren/", "https://volksversand.de/familie-und-baby/fuer-sie/", "https://volksversand.de/familie-und-baby/gesundheit/", "https://volksversand.de/familie-und-baby/haeusliche-pflege-und-hilfsmittel/", "https://volksversand.de/familie-und-baby/hygiene-und-infektionsschutz/", "https://volksversand.de/familie-und-baby/kinderpflaster/", "https://volksversand.de/familie-und-baby/kinderreiseapotheke/", "https://volksversand.de/familie-und-baby/kinder-und-babypflege/", "https://volksversand.de/familie-und-baby/kinderwunsch/", "https://volksversand.de/familie-und-baby/mueckenschutz-und-mueckenstiche/", "https://volksversand.de/familie-und-baby/schwangerschaft/", "https://volksversand.de/familie-und-baby/stillzeit/", "https://volksversand.de/familie-und-baby/verhuetung/", "https://volksversand.de/familie-und-baby/windeln/", "https://volksversand.de/familie-und-baby/zahnen-zahnpflege/", "https://volksversand.de/familie-und-baby/sale/", "https://volksversand.de/familie-und-baby/", "https://volksversand.de/naturheilmittel-und-homoeopathie/", "https://volksversand.de/naturheilmittel-und-homoeopathie/allgemeine-homoeopathie/", "https://volksversand.de/naturheilmittel-und-homoeopathie/anthroposophie/", "https://volksversand.de/naturheilmittel-und-homoeopathie/anwendungsgebiete/", "https://volksversand.de/naturheilmittel-und-homoeopathie/aetherische-oele/", "https://volksversand.de/naturheilmittel-und-homoeopathie/bachblueten/", "https://volksversand.de/naturheilmittel-und-homoeopathie/einzelmittel/", "https://volksversand.de/naturheilmittel-und-homoeopathie/heilerde/", "https://volksversand.de/naturheilmittel-und-homoeopathie/komplexmittel/", "https://volksversand.de/naturheilmittel-und-homoeopathie/schuessler-salze/", "https://volksversand.de/naturheilmittel-und-homoeopathie/weitere-naturheilmittel/", "https://volksversand.de/naturheilmittel-und-homoeopathie/", "https://volksversand.de/tiergesundheit-und-tierbedarf/", "https://volksversand.de/tiergesundheit-und-tierbedarf/hunde/", "https://volksversand.de/tiergesundheit-und-tierbedarf/katzen/", "https://volksversand.de/tiergesundheit-und-tierbedarf/pferde/", "https://volksversand.de/tiergesundheit-und-tierbedarf/weitere-produkte/", "https://volksversand.de/tiergesundheit-und-tierbedarf/", "https://volksversand.de/", "https://volksversand.de/familie-und-baby/", "https://volksversand.de/familie-und-baby/haeusliche-pflege-und-hilfsmittel/", "https://volksversand.de/familie-und-baby/haeusliche-pflege-und-hilfsmittel/kueche-haushalt-und-garten/", "#close-categories-menu", "https://volksversand.de/", "https://volksversand.de/", "https://volksversand.de/abnehmen-sport-und-ernaehrung/", "https://volksversand.de/arzneimittel/", "https://volksversand.de/beauty-und-pflege/", "https://volksversand.de/familie-und-baby/", "https://volksversand.de/familie-und-baby/babynahrung/", "https://volksversand.de/familie-und-baby/fuer-ihn/", "https://volksversand.de/familie-und-baby/fuer-senioren/", "https://volksversand.de/familie-und-baby/fuer-sie/", "https://volksversand.de/familie-und-baby/gesundheit/", "https://volksversand.de/familie-und-baby/haeusliche-pflege-und-hilfsmittel/", "https://volksversand.de/familie-und-baby/haeusliche-pflege-und-hilfsmittel/alltagshelfer/", "https://volksversand.de/familie-und-baby/haeusliche-pflege-und-hilfsmittel/blasenschwaeche-und-inkontinenz/", "https://volksversand.de/familie-und-baby/haeusliche-pflege-und-hilfsmittel/handschuhe/", "https://volksversand.de/familie-und-baby/haeusliche-pflege-und-hilfsmittel/katheter/", "https://volksversand.de/familie-und-baby/haeusliche-pflege-und-hilfsmittel/kissen/", "https://volksversand.de/familie-und-baby/haeusliche-pflege-und-hilfsmittel/krankenunterlagen-und-bezuege/", "https://volksversand.de/familie-und-baby/haeusliche-pflege-und-hilfsmittel/kruken-und-tropfflaschen/", "https://volksversand.de/familie-und-baby/haeusliche-pflege-und-hilfsmittel/kueche-haushalt-und-garten/", "https://volksversand.de/familie-und-baby/haeusliche-pflege-und-hilfsmittel/pharmazeutische-grundstoffe/", "https://volksversand.de/familie-und-baby/haeusliche-pflege-und-hilfsmittel/sanitaetsbedarf/", "https://volksversand.de/familie-und-baby/haeusliche-pflege-und-hilfsmittel/schnabeltassen/", "https://volksversand.de/familie-und-baby/haeusliche-pflege-und-hilfsmittel/stomaversorgung/", "https://volksversand.de/familie-und-baby/haeusliche-pflege-und-hilfsmittel/stuetz-und-kompressionsstruempfe/", "https://volksversand.de/familie-und-baby/haeusliche-pflege-und-hilfsmittel/tens-geraete/", "https://volksversand.de/familie-und-baby/haeusliche-pflege-und-hilfsmittel/tests/", "https://volksversand.de/familie-und-baby/haeusliche-pflege-und-hilfsmittel/urinbeutel-und-urinflaschen/", "https://volksversand.de/familie-und-baby/haeusliche-pflege-und-hilfsmittel/weitere-produkte/", "https://volksversand.de/familie-und-baby/hygiene-und-infektionsschutz/", "https://volksversand.de/familie-und-baby/kinderpflaster/", "https://volksversand.de/familie-und-baby/kinderreiseapotheke/", "https://volksversand.de/familie-und-baby/kinder-und-babypflege/", "https://volksversand.de/familie-und-baby/kinderwunsch/", "https://volksversand.de/familie-und-baby/mueckenschutz-und-mueckenstiche/", "https://volksversand.de/familie-und-baby/ohren-und-gehoerschutz/", "https://volksversand.de/familie-und-baby/schnuller/", "https://volksversand.de/familie-und-baby/schwangerschaft/", "https://volksversand.de/familie-und-baby/stillzeit/", "https://volksversand.de/familie-und-baby/verhuetung/", "https://volksversand.de/familie-und-baby/windeln/", "https://volksversand.de/familie-und-baby/zahnen-zahnpflege/", "https://volksversand.de/familie-und-baby/zeckenschutz/", "https://volksversand.de/familie-und-baby/sale/", "https://volksversand.de/naturheilmittel-und-homoeopathie/", "https://volksversand.de/tiergesundheit-und-tierbedarf/", "https://volksversand.de/marke/", "https://volksversand.de/ratgeber/", "https://volksversand.de/wirkstoffe/", "", "/faq", "https://volksversand.de/kontaktformular", "https://volksversand.de/volksversand-bonuspunkte", "https://volksversand.de/datenschutz", "https://volksversand.de/rueckrufservice", "https://volksversand.de/versandkosten", "https://volksversand.de/agb", "https://volksversand.de/liefer-und-zahlungsinformationen", "https://volksversand.de/impressum", "https://volksversand.de/widerrufsrecht", "/ratgeber/", "https://volksversand.de/rueckrufservice", "https://volksversand.de/versandkosten", "#product--publish-comment", "#content--product-reviews", "https://www.facebook.com/sharer.php?u=https://volksversand.de/familie-und-baby/raumspray-zirbelkiefer-pzn-11543198-2862258&p[title]=Raumspray%20Zirbelkiefer", "https://pinterest.com/pin/create/button/?url=https://volksversand.de/familie-und-baby/raumspray-zirbelkiefer-pzn-11543198-2862258>&description=Raumspray%20Zirbelkiefer", null, "https://volksversand.de/bergland/", "https://volksversand.de/versandkosten", "/volksversand-bonuspunkte", "/import/pdf/raumspray_zirbelkiefer_10313106.pdf", "#content--custom-crossselling", "#", "https://volksversand.de/naturheilmittel-und-homoeopathie/lavendeloel-10-ml-aetherisches-oel-pzn-04645136-2057925", "https://volksversand.de/naturheilmittel-und-homoeopathie/lavendeloel-10-ml-aetherisches-oel-pzn-04645136-2057925", "https://volksversand.de/naturheilmittel-und-homoeopathie/schlafwohl-kissenspray-bio-30-ml-aetherisches-oel-pzn-13168008-2916088", "https://volksversand.de/naturheilmittel-und-homoeopathie/schlafwohl-kissenspray-bio-30-ml-aetherisches-oel-pzn-13168008-2916088", "https://volksversand.de/naturheilmittel-und-homoeopathie/chruetermaennli-10-ml-nelkenoel-extra-fein-pzn-07197069-2350056", "https://volksversand.de/naturheilmittel-und-homoeopathie/chruetermaennli-10-ml-nelkenoel-extra-fein-pzn-07197069-2350056", "https://volksversand.de/naturheilmittel-und-homoeopathie/japanisches-minzoel-aetherisch-pzn-00468401-2293280", "https://volksversand.de/naturheilmittel-und-homoeopathie/japanisches-minzoel-aetherisch-pzn-00468401-2293280", "https://volksversand.de/naturheilmittel-und-homoeopathie/saenger-oel-dr.-weihofen-pur-natur-30-ml-spruehflasche-pzn-01486068-2395465", "https://volksversand.de/naturheilmittel-und-homoeopathie/saenger-oel-dr.-weihofen-pur-natur-30-ml-spruehflasche-pzn-01486068-2395465", "https://volksversand.de/naturheilmittel-und-homoeopathie/zirbenoel-aetherisch-bio-unterweger-20-ml-pzn-12437794-3123049", "https://volksversand.de/naturheilmittel-und-homoeopathie/zirbenoel-aetherisch-bio-unterweger-20-ml-pzn-12437794-3123049", "https://volksversand.de/familie-und-baby/schlaf-gut-dufttuch-1-tuch-pzn-02847315-2151801", "https://volksversand.de/familie-und-baby/schlaf-gut-dufttuch-1-tuch-pzn-02847315-2151801", "https://volksversand.de/naturheilmittel-und-homoeopathie/aetherisches-oel-lemongrass-guathemala-10-ml-aetherisches-oel-pzn-01236696-2151546", "https://volksversand.de/naturheilmittel-und-homoeopathie/aetherisches-oel-lemongrass-guathemala-10-ml-aetherisches-oel-pzn-01236696-2151546", "#content--also-bought", "#", "https://volksversand.de/naturheilmittel-und-homoeopathie/zirbelkiefer-oel-10-ml-pzn-11279784-2806867", "https://volksversand.de/naturheilmittel-und-homoeopathie/zirbelkiefer-oel-10-ml-pzn-11279784-2806867", "https://volksversand.de/arzneimittel/nasenspray-ratiopharm-erwachsene-2-x-15-ml-pzn-00999848-2277838", "https://volksversand.de/arzneimittel/nasenspray-ratiopharm-erwachsene-2-x-15-ml-pzn-00999848-2277838", "https://volksversand.de/arzneimittel/ibuprofen-medibond-400mg-schmerztabletten-50-stueck-pzn-12472371-2909844", "https://volksversand.de/arzneimittel/ibuprofen-medibond-400mg-schmerztabletten-50-stueck-pzn-12472371-2909844", "https://volksversand.de/arzneimittel/grippostad-c-24-kapseln-pzn-00571748-2055572", "https://volksversand.de/arzneimittel/grippostad-c-24-kapseln-pzn-00571748-2055572", "https://volksversand.de/arzneimittel/bepanthen-wund-und-heilsalbe-100-g-pzn-01578847-2054047", "https://volksversand.de/arzneimittel/bepanthen-wund-und-heilsalbe-100-g-pzn-01578847-2054047", "https://volksversand.de/arzneimittel/voltaren-schmerzgel-forte-150-g-gel-pzn-08628270-2568863", "https://volksversand.de/arzneimittel/voltaren-schmerzgel-forte-150-g-gel-pzn-08628270-2568863", "https://volksversand.de/arzneimittel/paracetamol-medibond-500mg-schmerztabletten-20-stueck-pzn-13720440-2910792", "https://volksversand.de/arzneimittel/paracetamol-medibond-500mg-schmerztabletten-20-stueck-pzn-13720440-2910792", "https://volksversand.de/arzneimittel/nasenduo-nasenspray-2-x-10-ml-pzn-12521543-2911972", "https://volksversand.de/arzneimittel/nasenduo-nasenspray-2-x-10-ml-pzn-12521543-2911972", "https://volksversand.de/arzneimittel/bepanthen-augen-und-nasensalbe-10-g-pzn-01578675-2054211", "https://volksversand.de/arzneimittel/bepanthen-augen-und-nasensalbe-10-g-pzn-01578675-2054211", "https://volksversand.de/naturheilmittel-und-homoeopathie/lavendel-gute-nacht-spray-2692598", "https://volksversand.de/naturheilmittel-und-homoeopathie/lavendel-gute-nacht-spray-2692598", "https://volksversand.de/arzneimittel/acc-akut-600-mg-hustenloeser-40-brausetabletten-pzn-00520917-2080570", "https://volksversand.de/arzneimittel/acc-akut-600-mg-hustenloeser-40-brausetabletten-pzn-00520917-2080570", "https://volksversand.de/arzneimittel/wick-medinait-erkaeltungssirup-fuer-die-nacht-180-ml-pzn-01689009-2077873", "https://volksversand.de/arzneimittel/wick-medinait-erkaeltungssirup-fuer-die-nacht-180-ml-pzn-01689009-2077873", "https://volksversand.de/arzneimittel/aciclovir-ratiopharm-lippenherpescreme-2-x-2-g-pzn-02286360-2277853", "https://volksversand.de/arzneimittel/aciclovir-ratiopharm-lippenherpescreme-2-x-2-g-pzn-02286360-2277853", "https://volksversand.de/arzneimittel/wick-inhalierstift-n-1-stift-pzn-03225679-2050052", "https://volksversand.de/arzneimittel/wick-inhalierstift-n-1-stift-pzn-03225679-2050052", "https://volksversand.de/nahrungsergaenzungsmittel/melatoflexx-3600-medibond-60-kapseln-pzn-13924711-2917581", "https://volksversand.de/nahrungsergaenzungsmittel/melatoflexx-3600-medibond-60-kapseln-pzn-13924711-2917581", "https://volksversand.de/arzneimittel/vigantol-1.000-i.e.-vitamin-d3-200-tabletten-pzn-13155690-2911576", "https://volksversand.de/arzneimittel/vigantol-1.000-i.e.-vitamin-d3-200-tabletten-pzn-13155690-2911576", "#", "#", "#", "#", "#", "/import/pdf/raumspray_zirbelkiefer_10313106.pdf", "#content--product-reviews", "#", "#", "#", "#", "mailto:info@volksversand.de", "/arzneimittel/angebote/", "https://volksversand.de/arzneimittel/angebote/", "https://volksversand.de/arzneimittel/neu-im-sortiment/", "/arzneimittel/", "https://volksversand.de/arzneimittel/erkaeltung-und-grippe/", "https://volksversand.de/arzneimittel/knochen-gelenke-und-muskeln/", "/arzneimittel/hausapotheke/", "https://volksversand.de/arzneimittel/hausapotheke/", "https://volksversand.de/arzneimittel/reiseapotheke/", "/arzneimittel/magen-und-darm/", "https://volksversand.de/arzneimittel/magen-und-darm/abfuehrmittel/", "https://volksversand.de/arzneimittel/magen-und-darm/durchfall/", "/arzneimittel/herz-kreislauf/", "https://volksversand.de/arzneimittel/gedaechtnis/", "https://volksversand.de/arzneimittel/gefaesse-und-venen/", "/naturheilmittel-und-homoeopathie/", "https://volksversand.de/naturheilmittel-und-homoeopathie/bachblueten/", "https://volksversand.de/naturheilmittel-und-homoeopathie/schuessler-salze/", "/beauty-und-pflege/", "https://volksversand.de/beauty-und-pflege/gesichtspflege/anti-aging/", "https://volksversand.de/beauty-und-pflege/gesichtspflege/empfindliche-haut/", "/tiergesundheit-und-tierbedarf/", "https://volksversand.de/tiergesundheit-und-tierbedarf/hunde/", "https://volksversand.de/tiergesundheit-und-tierbedarf/katzen/", "https://www.facebook.com/Volksversand-Versandapotheke-318812651653406", "https://instagram.com/volksversandversandapotheke/", "https://www.pinterest.de/volksversandversandapotheke/", "https://apps.apple.com/de/app/volksversand/id1069713065?mt=8", "https://play.google.com/store/apps/details?id=de.dupp.volkversand&hl=de", "/faq", "/gutscheine", "https://volksversand.de/versandkosten", "https://volksversand.de/liefer-und-zahlungsinformationen", "https://volksversand.de/widerrufsrecht", "javascript:openCookieConsentManager()", "https://volksversand.de/kontaktformular", "https://volksversand.de/rueckrufservice", "https://volksversand.de/kataloganforderung", "/ratgeber/", "/wechselwirkungscheck", "https://volksversand.de/bonuspunkte", "https://volksversand.de/datenschutz", "https://volksversand.de/agb", "https://volksversand.de/impressum", "/ueber-uns", "https://volksversand.de/job-angebote", "/partnerprogramm", "https://volksversand.de/datenschutz", "https://prehledy.sukl.cz/prehledy.html#/lekarny/54346000000?verify=true&referrer=https%3A%2F%2Fwww.volksversand.de%2F", "https://prehledy.sukl.cz/prehledy.html#/lekarny/54346000000?verify=true&referrer=https%3A%2F%2Fwww.volksversand.de%2F", "http://www.uskvbl.cz/en/inspections/lekarny/seznamy/detail?Id=54346000000", "https://prehledy.sukl.cz/prehledy.html#/lekarny/54346000000?verify=true&referrer=https%3A%2F%2Fwww.volksversand.de%2F", "http://www.uskvbl.cz/en/inspections/lekarny/seznamy/detail?Id=54346000000", "/bewertungen-zertifikate-und-auszeichnungen", "/bewertungen-zertifikate-und-auszeichnungen", "/bewertungen-zertifikate-und-auszeichnungen", "/bewertungen-zertifikate-und-auszeichnungen", "/bewertungen-zertifikate-und-auszeichnungen", "https://volksversand.de/datenschutz", "https://volksversand.de/agb", "https://volksversand.de/impressum", "/datenschutz", "/impressum", "#", "javascript:openCookieConsentManager()", "#", "#"]}