{"title": "Ayurveda Doshas", "author": null, "url": "https://vom-achterhof.de/magazin/landingpage/ayurveda-doshas/", "hostname": "vom-achterhof.de", "description": "Die Doshas der Ayurvedalehre und welche Gew\u00fcrze dazu passen. Finde dich selbst wieder und entdecke spannende Vorschl\u00e4ge.", "sitename": "Vom Achterhof", "date": "2023-02-21", "id": null, "license": null, "body": null, "comments": "", "commentsbody": null, "raw_text": null, "text": "Im Zentrum der indischen Ayurvedalehre steht das Zusammenwirken von K\u00f6rper, Geist und Seele innerhalb der individuellen Einheit eines Menschen. Das Ziel im Ayurveda ist es, diese drei Komponenten in einer optimalen Balance zu halten.\nEin essenzieller Teil im Ayurveda sind die Funktionsprinzipien, die sogenannten \u201eDoshas\u201c. Diese dynamischen Kr\u00e4fte kommen in jedem Individuum vor und \u00fcbernehmen verschiedene Funktionen im K\u00f6rper. Ist die optimale Balance zwischen den Doshas gest\u00f6rt, kann dies das System ziemlich durcheinanderbringen. Zwar ist jeder Dosha-Typ auch in jedem K\u00f6rper zu finden, doch ihre Auspr\u00e4gung unterscheidet sich individuell.\nJeder Mensch kann entsprechend der unterschiedlichen Auspr\u00e4gungen einem bestimmten Ayurveda-Typen zugeordnet werden. Es kann hilfreich sein, die eigene Konstitution zu kennen, um beispielsweise mit entsprechender Ern\u00e4hrung ein optimales Gleichgewicht sicherzustellen.\nAyurveda vom Achterhof\n[Ayurveda Pitta Tee](/ayurveda-pitta-tee-100g.html)vom Achterhof7,49 \u20ac(74,90 \u20ac / 1 KG) [Ayurveda Kapha Tee](/ayurveda-kapha-tee-100g.html)vom Achterhof7,49 \u20ac(74,90 \u20ac / 1 KG) [Ayurveda Frauentee](/ayurveda-frauentee-100g.html)vom AchterhofAusverkauft6,49 \u20ac 5,95 \u20ac(59,50 \u20ac / 1 KG) [Heilsam kochen mit Ayurveda (240 Seiten)](/heilsam-kochen-mit-ayurveda.html)Prof. Dr. Dietrich Gr\u00f6nemeyerAusverkauft29,99 \u20ac(29,99 \u20ac / 1 PCS) [Ayurveda Vata Tee](/ayurveda-vata-tee-100g.html)vom Achterhof7,49 \u20ac(74,90 \u20ac / 1 KG) [Ayurveda Fastentee](/ayurveda-fastentee-100g.html)vom Achterhof7,49 \u20ac 6,95 \u20ac(69,50 \u20ac / 1 KG) [Ayurveda M\u00e4nnertee](/ayurveda-maennertee-100g.html)vom Achterhof7,49 \u20ac 6,95 \u20ac(69,50 \u20ac / 1 KG) [Ayurveda Ingwer-Fresh](/ayurveda-ingwer-fresh-100g.html)vom Achterhof7,49 \u20ac 6,95 \u20ac(69,50 \u20ac / 1 KG)\nBitte beachte!\nNat\u00fcrlich gibt es neben diesen eindeutig vorherrschenden Doshas auch Mischtypen. Das bedeutet, dass zwei oder alle drei der Funktionsweisen in deinem K\u00f6rper pr\u00e4sent sind. Dann treffen die jeweiligen Beschreibungen gleicherma\u00dfen auf dich zu.\nPrinzip der Bewegung\nAusdruck f\u00fcr das Nervensystem, die Beweglichkeit, unsere Atmung und alle Bewegungsabl\u00e4ufe im K\u00f6rper.\nDas Wesen ist enthusiastisch, locker und kreativ. Laut Ayurveda sind regelm\u00e4\u00dfige Essenszeiten und warme Mahlzeiten ideal f\u00fcr Vata.\nPrinzip der Umwandlung\nAusdruck f\u00fcr Stoffwechsel und Emotionen, die Elemente Feuer und Wasser sind vorherrschend.\nDas Wesen ist fokussiert, pragmatisch und strukturiert. Allerdings sind Ruhe und Entspannung dadurch manchmal schwierig zu erreichen. Laut Ayurveda ist eine vegetarische eher bittere Ern\u00e4hrung ideal. Scharfes W\u00fcrzen der Mahlzeiten sollte vermieden werden. Im Winter ist eine warme und im Sommer eine k\u00fchlende Ern\u00e4hrung ideal.\nPrinzip von Stabilit\u00e4t und Struktur\nAusdruck f\u00fcr Kraft, Ausdauer und Stabilit\u00e4t des K\u00f6rpers sowohl auf psychischer als k\u00f6rperlicher Ebene.\nDas Wesen ist ruhig, gelassen, geduldig und ausdauernd. Laut Ayurveda sollten die Speisen daher gut gew\u00fcrzt und eher scharf und verdauungsanregend sein.\nPassend dazu\nIdeale Gew\u00fcrze f\u00fcr VATA:\nw\u00e4rmend, s\u00fc\u00df\n[Kardamom gr\u00fcn ganz](/kardamom-ganz-100g.html)vom Achterhof11,95 \u20ac 10,49 \u20ac(104,90 \u20ac / 1 KG) [Nelken ganz Bio](/nelken-ganz-bio-100g.html)vom Achterhof7,49 \u20ac 6,95 \u20ac(69,50 \u20ac / 1 KG) [Zimtstangen Cassia](/zimtstangen-cassia-250g.html)vom Achterhof8,95 \u20ac 7,95 \u20ac(31,80 \u20ac / 1 KG) [Fenchelsamen ganz Bio](/fenchel-ganz-bio-250g.html)vom Achterhof5,49 \u20ac 4,95 \u20ac(19,80 \u20ac / 1 KG) [Kardamom gemahlen](/kardamom-gemahlen-100g.html)vom Achterhof8,95 \u20ac 7,49 \u20ac(74,90 \u20ac / 1 KG) [Gew\u00fcrznelken gemahlen Bio](/gewuerznelken-gemahlen-bio-100g.html)vom Achterhof6,95 \u20ac 6,49 \u20ac(64,90 \u20ac / 1 KG) [Ceylon Zimt Bio](/ceylon-zimt-bio-100g.html)vom Achterhof3,95 \u20ac(39,50 \u20ac / 1 KG) [Kreuzk\u00fcmmel gemahlen](/kreuzkuemmel-gemahlen-100g.html)vom Achterhof4,49 \u20ac(44,90 \u20ac / 1 KG) [Kreuzk\u00fcmmel](/kreuzkuemmel-100g.html)vom Achterhof3,95 \u20ac(39,50 \u20ac / 1 KG) [Nelken ganz](/nelken-ganz-250g.html)vom Achterhof10,95 \u20ac 10,49 \u20ac(41,96 \u20ac / 1 KG)\nIdeale Gew\u00fcrze f\u00fcr PITTA:\nmild, k\u00fchlend, harmonisierend\n[Dillspitzen geschnitten](/dill-dillspitzen-250g.html)vom Achterhof9,95 \u20ac 9,49 \u20ac(37,96 \u20ac / 1 KG) [Safran F\u00e4den (1g)](/safran-faeden-1g.html)vom Achterhof10,95 \u20ac(10.950,00 \u20ac / 1 KG) [Ceylon Zimt Bio](/ceylon-zimt-bio-100g.html)vom Achterhof3,95 \u20ac(39,50 \u20ac / 1 KG) [Kardamom gr\u00fcn ganz](/kardamom-ganz-100g.html)vom Achterhof11,95 \u20ac 10,49 \u20ac(104,90 \u20ac / 1 KG) [Kardamom gemahlen](/kardamom-gemahlen-100g.html)vom Achterhof8,95 \u20ac 7,49 \u20ac(74,90 \u20ac / 1 KG) [Ceylon Zimt](/ceylon-zimt-100g.html)vom Achterhof2,95 \u20ac(29,50 \u20ac / 1 KG) [Kardamom gemahlen Bio](/kardamom-gemahlen-bio-100g.html)vom Achterhof12,95 \u20ac 11,95 \u20ac(119,50 \u20ac / 1 KG) [Bio Schafgarbenkraut geschnitten](/bio-schafgarbenkraut-geschnitten-100g.html)vom Achterhof4,49 \u20ac(44,90 \u20ac / 1 KG) [Kurkuma Pulver Bio](/kurkuma-bio-250g.html)vom Achterhof5,95 \u20ac 4,95 \u20ac(19,80 \u20ac / 1 KG)\nIdeale Gew\u00fcrze f\u00fcr KAPHA:\nscharf, bitter\n[Ingwer gemahlen Bio](/ingwer-gemahlen-bio-250g.html)vom Achterhof6,95 \u20ac(27,80 \u20ac / 1 KG) [Bockshornkleesamen gemahlen Bio](/bockshornkleesamen-gemahlen-bio-250g.html)vom Achterhof7,49 \u20ac 6,95 \u20ac(27,80 \u20ac / 1 KG) [Chilipulver Bio](/chilipulver-bio-100g.html)vom Achterhof5,95 \u20ac(59,50 \u20ac / 1 KG) [Senfsaat braun Bio](/senfsaat-braun-bio-250g.html)vom Achterhof5,95 \u20ac(23,80 \u20ac / 1 KG) [Bockshornkleesamen ganz Bio](/bockshornklee-bio-250g.html)vom Achterhof6,49 \u20ac 5,95 \u20ac(23,80 \u20ac / 1 KG) [Senfsaat Oriental](/senfsaat-oriental-250g.html)vom Achterhof4,49 \u20ac 3,95 \u20ac(15,80 \u20ac / 1 KG) [Ingwer-Wurzel geschnitten Bio](/ingwer-wurzel-geschnitten-bio-100g.html)vom Achterhof6,49 \u20ac(64,90 \u20ac / 1 KG) [Chilipulver](/chilipulver-100g.html)vom Achterhof2,95 \u20ac(29,50 \u20ac / 1 KG) [Senfsaat gelb Bio](/senfsaat-gelb-bio-250g.html)vom Achterhof5,95 \u20ac(23,80 \u20ac / 1 KG) [Chilipulver Chipotle](/chilipulver-chipotle-100g.html)vom Achterhof8,49 \u20ac 7,95 \u20ac(79,50 \u20ac / 1 KG)\nIdeal f\u00fcr alle:\n[Goldene Ayurveda Milch Bio Set](/goldene-milch-set.html)vom Achterhof49,34 \u20ac 45,95 \u20ac(26,26 \u20ac / 1 KG) [Goldene Milch Probierset Bio](/goldene-milch-probierset-bio.html)vom Achterhof18,95 \u20ac(99,74 \u20ac / 1 KG) [Goldene Ayurveda Milch Bio Set \u2013 Maxi](/goldene-milch-set-maxi.html)vom Achterhof80,80 \u20ac 71,95 \u20ac(20,56 \u20ac / 1 KG) [Goldene Milch Plus Vitamin D3 + K2 Set](/goldene-milch-set-vitamine.html)vom Achterhof71,29 \u20ac 64,95 \u20ac(36,08 \u20ac / 1 KG)\nYoga-Fan?\nInspiriert aus dem Ayurveda haben wir ein passendes Gew\u00fcrz-Set f\u00fcr Yoga-Liebhaber zusammengestellt. Dieses bringt die Balance zwischen K\u00f6rper, Geist und Seele wieder zur\u00fcck ins Leben.\n4 x Yoga-Klassiker in der attraktiven Geschenkbox aus 100% Papier & Pappe.\nAshwagandha Pulver Bio (50g)\nDer Ayurvedische Klassiker, gewonnen aus der ayurvedischen Schlafbeere.\nShatavari Pulver Bio (50g)\nIm Ayurveda eine der bedeutsamsten Pflanzen f\u00fcr Frauen.\nChakrentee (26g)\nAromatische Kr\u00e4uter- und Gew\u00fcrzmischung f\u00fcr die Wohlverdiente Auszeit.\nBrahmi Pulver Bio (40g)\nEine der bedeutendsten Pflanze, die das Ayurveda kennt.\n[Hier kaufen](https://vom-achterhof.de/yoga-set.html)", "language": null, "image": null, "pagetype": "article", "links": ["https://vom-achterhof.de/faq#Versandkosten___Lieferung", "https://vom-achterhof.de/widerruf", "https://www.trustedshops.de/bewertung/info_X90D3A345500A151DB080004F4FB97A49.html?utm_source=shop&utm_medium=link&utm_content=TrustmarkCellNo1__trustmark_and_reviews&utm_campaign=trustbadge_maximised", "https://www.trustedshops.de/bewertung/info_X90D3A345500A151DB080004F4FB97A49.html?utm_source=shop&utm_medium=link&utm_content=TrustmarkCellNo1__trustmark_and_reviews&utm_campaign=trustbadge_maximised", "https://vom-achterhof.de/", "https://vom-achterhof.de/customer/account/login/", "https://vom-achterhof.de/wishlist?id=31", "https://vom-achterhof.de/checkout/cart/", "https://vom-achterhof.de/goldene-milch.html#ref=nav_goldene-milch", "https://vom-achterhof.de/nahrungsergaenzung.html#ref=nav_nahrungsergaenzung", "https://vom-achterhof.de/kapseln-1.html#ref=nav_kapseln-1", "https://vom-achterhof.de/gummies.html#ref=nav_gummies", "https://vom-achterhof.de/vitamine.html#ref=nav_vitamine", "https://vom-achterhof.de/mineralien.html#ref=nav_mineralien", "https://vom-achterhof.de/vitalstoffe.html#ref=nav_vitalstoffe", "https://vom-achterhof.de/superfoods.html#ref=nav_superfoods", "https://vom-achterhof.de/vegane-proteine.html#ref=nav_vegane-proteine", "https://vom-achterhof.de/nachfullpacks-1.html#ref=nav_nachfullpacks-1", "https://vom-achterhof.de/heilkrauter.html#ref=nav_heilkrauter", "https://vom-achterhof.de/fastenkur.html#ref=nav_fastenkur", "https://vom-achterhof.de/gut-fuer.html#ref=nav_gut-fuer", "https://vom-achterhof.de/ganzheitliches-wohlbefinden.html#ref=nav_ganzheitliches-wohlbefinden", "https://vom-achterhof.de/immunsystem.html#ref=nav_immunsystem", "https://vom-achterhof.de/vitalitat-und-energie.html#ref=nav_vitalitat-und-energie", "https://vom-achterhof.de/mentale-starke-und-schlaf.html#ref=nav_mentale-starke-und-schlaf", "https://vom-achterhof.de/magen-verdauung-und-stoffwechsel.html#ref=nav_magen-verdauung-und-stoffwechsel", "https://vom-achterhof.de/bewegungsapparat.html#ref=nav_bewegungsapparat", "https://vom-achterhof.de/frauen-und-mannergesundheit.html#ref=nav_frauen-und-mannergesundheit", "https://vom-achterhof.de/schonheit-und-zellschutz.html#ref=nav_schonheit-und-zellschutz", "https://vom-achterhof.de/gewuerze.html#ref=nav_gewuerze", "https://vom-achterhof.de/pfeffer.html#ref=nav_pfeffer", "https://vom-achterhof.de/salz.html#ref=nav_salz", "https://vom-achterhof.de/melon-spice.html#ref=nav_melon-spice", "https://vom-achterhof.de/gewuerzmischungen.html#ref=nav_gewuerzmischungen", "https://vom-achterhof.de/gewuerze-einzeln.html#ref=nav_gewuerze-einzeln", "https://vom-achterhof.de/paprika.html#ref=nav_paprika", "https://vom-achterhof.de/chili.html#ref=nav_chili", "https://vom-achterhof.de/ingwer.html#ref=nav_ingwer", "https://vom-achterhof.de/bockshornklee.html#ref=nav_bockshornklee", "https://vom-achterhof.de/zimt.html#ref=nav_zimt", "https://vom-achterhof.de/muskatnuss.html#ref=nav_muskatnuss", "https://vom-achterhof.de/kardamom.html#ref=nav_kardamom", "https://vom-achterhof.de/koriander.html#ref=nav_koriander", "https://vom-achterhof.de/kreuzkuemmel.html#ref=nav_kreuzkuemmel", "https://vom-achterhof.de/weitere-gewurze.html#ref=nav_weitere-gewurze", "https://vom-achterhof.de/laenderkueche.html#ref=nav_laenderkueche", "https://vom-achterhof.de/italienische-kueche.html#ref=nav_italienische-kueche", "https://vom-achterhof.de/indische-kueche.html#ref=nav_indische-kueche", "https://vom-achterhof.de/orientalische-kueche.html#ref=nav_orientalische-kueche", "https://vom-achterhof.de/asiatische-kueche.html#ref=nav_asiatische-kueche", "https://vom-achterhof.de/deutsche-kueche.html#ref=nav_deutsche-kueche", "https://vom-achterhof.de/suedamerikanische-kueche.html#ref=nav_suedamerikanische-kueche", "https://vom-achterhof.de/franzoesische-kueche.html#ref=nav_franzoesische-kueche", "https://vom-achterhof.de/griechische-kueche.html#ref=nav_griechische-kueche", "https://vom-achterhof.de/spanische-kueche.html#ref=nav_spanische-kueche", "https://vom-achterhof.de/afrikanische-kueche.html#ref=nav_afrikanische-kueche", "https://vom-achterhof.de/nach-gericht-zutat.html#ref=nav_nach-gericht-zutat", "https://vom-achterhof.de/zum-backen-weihnachten.html#ref=nav_zum-backen-weihnachten", "https://vom-achterhof.de/fuer-fleisch-fischgerichte.html#ref=nav_fuer-fleisch-fischgerichte", "https://vom-achterhof.de/fuer-kartoffeln-gemuese.html#ref=nav_fuer-kartoffeln-gemuese", "https://vom-achterhof.de/fuer-dips.html#ref=nav_fuer-dips", "https://vom-achterhof.de/fuer-curry.html#ref=nav_fuer-curry", "https://vom-achterhof.de/fuer-kaese.html#ref=nav_fuer-kaese", "https://vom-achterhof.de/bio-gewuerze.html#ref=nav_bio-gewuerze", "https://vom-achterhof.de/kraeuter.html#ref=nav_kraeuter", "https://vom-achterhof.de/greens.html#ref=nav_greens", "https://vom-achterhof.de/kuechenkraeuter.html#ref=nav_kuechenkraeuter", "https://vom-achterhof.de/heilkraeuter.html#ref=nav_heilkraeuter", "https://vom-achterhof.de/blueten.html#ref=nav_blueten", "https://vom-achterhof.de/wurzeln.html#ref=nav_wurzeln", "https://vom-achterhof.de/kraeutersamen.html#ref=nav_kraeutersamen", "https://vom-achterhof.de/buecher.html#ref=nav_buecher", "https://vom-achterhof.de/bio-kraeuter.html#ref=nav_bio-kraeuter", "https://vom-achterhof.de/ayurveda.html#ref=nav_ayurveda", "https://vom-achterhof.de/ernaehrung.html#ref=nav_ernaehrung", "https://vom-achterhof.de/low-carb-mehle.html#ref=nav_low-carb-mehle", "https://vom-achterhof.de/pflanzliche-proteine.html#ref=nav_pflanzliche-proteine", "https://vom-achterhof.de/suesse-honig.html#ref=nav_suesse-honig", "https://vom-achterhof.de/nuesse-samen.html#ref=nav_nuesse-samen", "https://vom-achterhof.de/trockenfruechte.html#ref=nav_trockenfruechte", "https://vom-achterhof.de/gemuesepulver.html#ref=nav_gemuesepulver", "https://vom-achterhof.de/fruchtpulver.html#ref=nav_fruchtpulver", "https://vom-achterhof.de/hanfprodukte.html#ref=nav_hanfprodukte", "https://vom-achterhof.de/tees.html#ref=nav_tees", "https://vom-achterhof.de/kraeutertee.html#ref=nav_kraeutertee", "https://vom-achterhof.de/schwarzer-tee.html#ref=nav_schwarzer-tee", "https://vom-achterhof.de/gruener-tee.html#ref=nav_gruener-tee", "https://vom-achterhof.de/fruechte-tee.html#ref=nav_fruechte-tee", "https://vom-achterhof.de/rotbuschtee.html#ref=nav_rotbuschtee", "https://vom-achterhof.de/lapacho-mate.html#ref=nav_lapacho-mate", "https://vom-achterhof.de/oolong-tee.html#ref=nav_oolong-tee", "https://vom-achterhof.de/ayurveda-tee.html#ref=nav_ayurveda-tee", "https://vom-achterhof.de/teemischungen.html#ref=nav_teemischungen", "https://vom-achterhof.de/kaffee.html#ref=nav_kaffee", "https://vom-achterhof.de/sets.html#ref=nav_sets", "https://vom-achterhof.de/sparpakete.html#ref=nav_sparpakete", "https://vom-achterhof.de/geschenksets.html#ref=nav_geschenksets", "https://vom-achterhof.de/probiersets.html#ref=nav_probiersets", "https://vom-achterhof.de/nachfullpacks.html#ref=nav_nachfullpacks", "https://vom-achterhof.de/neuheiten.html#ref=nav_neuheiten", "https://vom-achterhof.de/magazin.html#ref=nav_magazin", "https://vom-achterhof.de/magazin-rezepte.html#ref=nav_magazin-rezepte", "https://vom-achterhof.de/magazin-produkte.html#ref=nav_magazin-produkte", "https://vom-achterhof.de/magazin-qualitaet-nachhaltigkeit.html#ref=nav_magazin-qualitaet-nachhaltigkeit", "https://vom-achterhof.de/magazin-bewusst-leben.html#ref=nav_magazin-bewusst-leben", "https://vom-achterhof.de/magazin-gesundheit.html#ref=nav_magazin-gesundheit", "https://vom-achterhof.de/magazin-diy-tipps.html#ref=nav_magazin-diy-tipps", "https://vom-achterhof.de/premium-adventskalender-bio-2023.html?vc=35029", "#section--products", "/ayurveda-pitta-tee-100g.html", "/ayurveda-pitta-tee-100g.html", "/ayurveda-kapha-tee-100g.html", "/ayurveda-kapha-tee-100g.html", "/ayurveda-frauentee-100g.html", "/ayurveda-frauentee-100g.html", "/heilsam-kochen-mit-ayurveda.html", "/heilsam-kochen-mit-ayurveda.html", "/ayurveda-vata-tee-100g.html", "/ayurveda-vata-tee-100g.html", "/ayurveda-fastentee-100g.html", "/ayurveda-fastentee-100g.html", "/ayurveda-maennertee-100g.html", "/ayurveda-maennertee-100g.html", "/ayurveda-ingwer-fresh-100g.html", "/ayurveda-ingwer-fresh-100g.html", "#section--products", "https://vom-achterhof.de/mond-milch-set.html", "https://vom-achterhof.de/gruener-smoothie-mischung-bio-250g.html", "https://vom-achterhof.de/curry-gewuerzset.html", "https://vom-achterhof.de/goldene-milch-set-vitamine.html", "https://vom-achterhof.de/goldene-milch-set.html", "/kardamom-ganz-100g.html", "/kardamom-ganz-100g.html", "/nelken-ganz-bio-100g.html", "/nelken-ganz-bio-100g.html", "/zimtstangen-cassia-250g.html", "/zimtstangen-cassia-250g.html", "/fenchel-ganz-bio-250g.html", "/fenchel-ganz-bio-250g.html", "/kardamom-gemahlen-100g.html", "/kardamom-gemahlen-100g.html", "/gewuerznelken-gemahlen-bio-100g.html", "/gewuerznelken-gemahlen-bio-100g.html", "/ceylon-zimt-bio-100g.html", "/ceylon-zimt-bio-100g.html", "/kreuzkuemmel-gemahlen-100g.html", "/kreuzkuemmel-gemahlen-100g.html", "/kreuzkuemmel-100g.html", "/kreuzkuemmel-100g.html", "/nelken-ganz-250g.html", "/nelken-ganz-250g.html", "/dill-dillspitzen-250g.html", "/dill-dillspitzen-250g.html", "/safran-faeden-1g.html", "/safran-faeden-1g.html", "/ceylon-zimt-bio-100g.html", "/ceylon-zimt-bio-100g.html", "/kardamom-ganz-100g.html", "/kardamom-ganz-100g.html", "/kardamom-gemahlen-100g.html", "/kardamom-gemahlen-100g.html", "/ceylon-zimt-100g.html", "/ceylon-zimt-100g.html", "/kardamom-gemahlen-bio-100g.html", "/kardamom-gemahlen-bio-100g.html", "/bio-schafgarbenkraut-geschnitten-100g.html", "/bio-schafgarbenkraut-geschnitten-100g.html", "/kurkuma-bio-250g.html", "/kurkuma-bio-250g.html", "/ingwer-gemahlen-bio-250g.html", "/ingwer-gemahlen-bio-250g.html", "/bockshornkleesamen-gemahlen-bio-250g.html", "/bockshornkleesamen-gemahlen-bio-250g.html", "/chilipulver-bio-100g.html", "/chilipulver-bio-100g.html", "/senfsaat-braun-bio-250g.html", "/senfsaat-braun-bio-250g.html", "/bockshornklee-bio-250g.html", "/bockshornklee-bio-250g.html", "/senfsaat-oriental-250g.html", "/senfsaat-oriental-250g.html", "/ingwer-wurzel-geschnitten-bio-100g.html", "/ingwer-wurzel-geschnitten-bio-100g.html", "/chilipulver-100g.html", "/chilipulver-100g.html", "/senfsaat-gelb-bio-250g.html", "/senfsaat-gelb-bio-250g.html", "/chilipulver-chipotle-100g.html", "/chilipulver-chipotle-100g.html", "/goldene-milch-set.html", "/goldene-milch-set.html", "/goldene-milch-probierset-bio.html", "/goldene-milch-probierset-bio.html", "/goldene-milch-set-maxi.html", "/goldene-milch-set-maxi.html", "/goldene-milch-set-vitamine.html", "/goldene-milch-set-vitamine.html", "https://vom-achterhof.de/yoga-set.html", "https://vom-achterhof.de/magazin/achtsamkeit-und-bewusstsein-fuer-qualitaet/", "https://vom-achterhof.de/magazin/getrocknete-datteln/", "https://vom-achterhof.de/magazin/lecker-bitter-mit-diesen-smoothies-sorgst-du-fuer-einen-fruehjahrsputz-von-innen/", "https://vom-achterhof.de/magazin/rezepte/pink-ayurveda-latte/", "https://vom-achterhof.de/magazin/landingpage/fastenbegleiter/", "https://vom-achterhof.de/magazin/landingpage/leckere-smoothie-bowls/", "https://vom-achterhof.de/agb", "https://vom-achterhof.de/datenschutz", "https://www.facebook.com/vomachterhof", "https://www.instagram.com/vomachterhof/", "https://www.youtube.com/@vomachterhof", "https://www.instagram.com/vomachterhof/?hl=de", "https://www.facebook.com/vomachterhof/?locale=de_DE", "/ueber-uns", "/magazin/landingpage/nachhaltigkeit", "/refer-a-friend?situation=Homepagefooter", "/faq#Kooperationen", "https://vom-achterhof.de/faq#Bestellvorgang", "https://vom-achterhof.de/faq#Reklamation_und_Retoure", "https://vom-achterhof.de/faq#Zahlung", "https://vom-achterhof.de/faq#Versandkosten___Lieferung", "https://vom-achterhof.de/produktinformationen-naehrstoffe#Health-Claim", "https://vom-achterhof.de/produktinformationen-naehrstoffe#N%C3%A4hrstoffangaben-Verzehrempfehlung", "https://vom-achterhof.de/produktinformationen-naehrstoffe#Schwangerschaft%20/%20Stillzeit", "https://vom-achterhof.de/agb", "https://vom-achterhof.de/widerruf", "https://vom-achterhof.de/datenschutz", "https://vom-achterhof.de/impressum", "https://vom-achterhof.de/checkout/cart/", "https://vom-achterhof.de/checkout/cart/"]}