{"title": "PDF", "author": "PDF", "url": "https://www.bahnhof-apotheke.de/download/katalog_21_22.pdf", "hostname": "PDF", "description": "PDF", "sitename": "PDF", "date": "PDF", "id": "PDF", "license": "PDF", "body": "PDF", "comments": "PDF", "commentsbody": "PDF", "raw_text": "PDF", "text": "Produktkatalog g\u00fcltig ab 01.11.2021. Hersteller: Bahnhof-Apotheke  Kempten - Allg\u00e4u\nAus der Zusammenarbeit von Ingeborg Stadelmann, Hebamme und Dietmar Wolz, Apotheker. aus derOriginal-Stadelmann\u00ae-Aromamischungen\nKempten - All g\u00e4u\nBewusst \npflegen und leben\nAus unserer \nManufakturBegr\u00fc\u00dfung 3Ingeborg Stadelmann\nHebamme mit langj\u00e4hriger Hom\u00f6opathieerfahrung, Aromatherapeutin und Ratgeber-\nAutorin (siehe B\u00fccher ab Seite 67). Absolvierte die zertifizierte Fortbildung \u00bbPhytothe -\nrapie\u00ab f\u00fcr \u00c4rzte und Therapeuten am Universit\u00e4tsklinikum der Ruhr-Universit\u00e4t Bo -\nchum. Pr\u00e4sidentin von FORUM ESSENZIA e.V. und Redakteurin der Fachzeitschrift \nF\u00b7O\u00b7R\u00b7U\u00b7M. Als Referentin in der Geburtshilfe, Pflege, Medizin und Pharmazie t\u00e4tig. \nTutorin an der Universit\u00e4t Salzburg.Dietmar Wolz\nFachapotheker f\u00fcr Allgemeinpharmazie. Zusatzbereiche: Ern\u00e4hrungsberatung, Ho  m\u00f6\u00ad\nopathie und Naturheilverfahren, Geriatrische Pharmazie, Medikationsmanager BA \nKlinPharm, DGK\u00adSicherheitsbewerter, Pr\u00e4vention und Gesundheitsf\u00f6rderung, Pr\u00e4ventions-\nmanager WIPIG\u00ae. Sachkundige Person nach Arzneimittelgesetz (AMG), Inhaber der \nBahnhof-Apotheke und von Pur Natur e.K. (Naturkostladen \u00ad Bistro \u00ad Blumen), Kempten. \nReferent bei der Baden \u00adW\u00fcrttembergischen und der Bayerischen Landesapotheker -\nkammer. Mitglied im Kuratorium von FORUM ESSENZIA e.V.\nLiebe Leserinnen und Leser, \nwann haben Sie zuletzt den weichen Duft einer Rose wahrgenommen? Sich bei einem Hauch von Lavendel an einen Urlaubsort zur\u00fcckgetr\u00e4umt? \nOder bei einem Waldspaziergang die erdenden Harze einer Kiefer gerochen? Oft gehen solche Eindr\u00fccke in der Hektik des Alltags verloren. \nDabei sind es gerade D\u00fcfte, die uns erfrischen, beleben oder beruhigen.\nMit unseren Produkten m\u00f6chten wir Sie dabei unterst\u00fctzen, Ihre Sinne zu entdecken. Tun Sie sich und anderen etwas Gutes. Sei es bei der t\u00e4glichen  \nK\u00f6rperpflege oder zum Entspannen an hektischen Tagen. In den besonderen Zeiten des Lebens, bei Geburten oder wenn Sie sich fachgerecht  \nund liebevoll um einen pflegebed\u00fcrftigen Menschen k\u00fcmmern. \nQualit\u00e4t und Wohltat f\u00fcr Haut und Sinne! \nDieses Anliegen begleitet uns seit \u00fcber drei\u00dfig Jahren \u2013 seit wir unser Wissen als Hebamme und Apotheker zusammengebracht haben: \nDie Erfahrung aus der Geburtshilfe in der Aromatherapie und das pharmazeutische Wissen. Aus dieser Verbindung, gepaart mit einer gro\u00dfen Portion \nLeidenschaft f\u00fcr nat\u00fcrliche Heilmethoden, entstanden 1988 unsere Original-Stadelmann\u00ae-Aromamischungen .\nF\u00fcr uns ist es eine gro\u00dfe Freude, dass das Interesse an Naturheilkunde und insbesondere an der Aromatherapie best\u00e4ndig zunimmt.  \nSo begeistern sich immer mehr Menschen privat oder in der professionellen Pflege f\u00fcr unsere bew\u00e4hrten Aromamischungen. Diese zeichnen  \nsich durch die laborgepr\u00fcfte Qualit\u00e4t der naturreinen \u00e4therischen und fetten Pflanzen\u00f6le sowie der Hydrolate aus. Unsere Aromamischungen  \nwerden allesamt von Hand abgef\u00fcllt und sorgf\u00e4ltig hergestellt etikettiert. \nNachhaltigkeit zum Wohl von Natur und Mensch\nNeben Qualit\u00e4t und Handarbeit legen wir gro\u00dfen Wert auf Nachhaltigkeit. Das bedeutet f\u00fcr uns nicht nur, in Zeiten wachsender Nachfrage nach \nAromamischungen, durch ressourcenschonenden Umgang die Nachhaltigkeit der Pflanzenrohstoffe zu sichern. Sondern auch darauf zu achten, dass die \nMenschen, die mit dem Sammeln und dem Anbau von Duft \u00ad und Heilpflanzen ihren Lebensunterhalt verdienen, einen fairen, sozialgerechten Lohn erhalten. \nWir w\u00fcnschen Ihnen viel Freude beim St\u00f6bern in unserem Katalog und wohltuende Anwendungen.Ein Symposium der Sinne\nWir stehen f\u00fcr \nbew\u00e4hrte Qualit\u00e4t\u00dcber uns\n  6   Wir sind f\u00fcr Sie da\n  7   Unsere neuen Produkte \n  9  F\u00fcr Gro\u00df und Klein\n10   H\u00f6chste Anspr\u00fcche \n 11   Naturreine Qualit\u00e4t \n59   Nachhaltig handeln \nOriginal-Stadelmann\u00ae-Aromamischungen\n13   Anwendungsm\u00f6glichkeiten \n21   Produkte von A bis Z \n50   Sets zum Ausprobieren oder als Geschenk\n52   Wichtige Hinweise und Erl\u00e4uterungen \n53   Dosierung, Haltbarkeit, Anwendung \nErg\u00e4nzende Produkte\n55   Duftlampen, Duftkerzen, Grundlagen f\u00fcr Mischungen\n56   Pflanzen\u00f6lseifen, H\u00e4ndedesinfektion\n57   Hygieneartikel und mehr\n58   Leerflaschen, Info \u00ad und Pr\u00e4sentationsmaterial \nUnsere Teemischungen\n61   Beliebte Tees aus eigener HerstellungInhalt\nHom\u00f6opathie\n65   Hom\u00f6opathische Taschenapotheken \nB\u00fcchersortiment\n67   Stadelmann Verlag und mehr \nWickel & Co . \u00ae\n71   Wickel und Auflagen\nWir teilen Wissen\n77   Vortr\u00e4ge, Seminare, Ausbildungen\nPurNatur\n78   PurNatur \u2013 Naturkostladen der Bahnhof-Apotheke\n79   PurAllg\u00e4u \u2013 Unsere Hausmarke\n80   Bewusste Ern\u00e4hrung\nBahnhof-Apotheke\n82   AGB's und Widerrufsbelehrung \n83   Wir stellen uns vor\nViel Freude beim St\u00f6bern!\nTeemischungen   61\nWickel & Co . \u00ae    71\nErg\u00e4nzende Produkte   55 \nPurAllg\u00e4u   78\n Fortbildungen   77\nHom\u00f6opathische Taschenapotheken   65\nH\u00f6chste Anspr\u00fcche   10\nOriginal-Stadelmann\u00ae-Aromamischungen   136 Wir sind f\u00fcr Sie da Unsere neuen Produkte 7\nUnsere neuen Produkte:\nRaumduft Waldfrische\nklar-frisch, kl\u00e4rend; Zirben- und Tannenduft  \nverbessert das Raumklima, f\u00f6rdert das Durchatmen,  \ndie Konzentration und Achtsamkeit\nsiehe Seite 41Waldfrischebad\nErfrischend; regt zum tiefen Durchatmen \nan; wie nach einem Waldspaziergang\nsiehe Seite 48\nVorfreude \u00adSet\nSets siehe Seite 51Verw\u00f6hn \u00adSet F\u00fcr Zwei \u00adSet Gute Erholung \u00adSetWIR BERATEN SIE GERNE \nPers\u00f6nlich, individuell & fachlich kompetent\nUnsere Aromaexpertinnen und pharmazeutisch-technischen Assistentinnen \nfreuen sich auf Ihren Anruf: 00 49 (0)8 31 \u2013 5 22 66 11 \noder schreiben Sie uns unter: info@bahnhof-apotheke.de\nMontag \u2013 Freitag: 8.00 \u2013 19.00 Uhr  \nSamstag:  9.00 \u2013 18.00 Uhr\nBei speziellen Hebammenthemen ber\u00e4t Sie unsere Hebamme \nLarissa Kaspar. Sie wird dabei von Ingeborg Stadelmann unterst\u00fctzt.LIEFERKONDITIONEN\nVersandkostenfrei ab 50,00  \u20ac innerhalb Deutschlands\nVersandkostenbeteiligung BRD inkl. MwSt.: Bei Bestellungen unter 50,00 \u20ac \nberechnen wir 3,95 \u20ac Versandkostenanteil. Unsere Sendungen liefern wir mit \nDHL aus und beliefern auch deren Packstationen. \nVersandkosten EU-L\u00e4nder bis 31,5 kg (g\u00fcltig ab 1.10.2019) inkl. MwSt.:\n 5,90 \u20ac:  \u00d6sterreich, Luxemburg, Niederlande\n 6,90  \u20ac:  Belgien\n 7,90 \u20ac:  Frankreich\n10,90  \u20ac:  Polen, D\u00e4nemark, Slowakei, Tschech. Rep., Estland, Ungarn, Lettland\n12,90 \u20ac:  Portugal, Schweden, Slowenien\n13.90 \u20ac:  Italien \n14,90 \u20ac:  Irland, Bulgarien, Litauen, Rum\u00e4nien, Zypern, Kroatien\n16,90  \u20ac:  Spanien\n24.90 \u20ac:  Finnland, Griechenland\n25,90  \u20ac:  Malta\nAu\u00dferhalb der EU bis 31,5 kg exkl. MwSt.: 25,90 \u20ac.  \nSchweiz  bis 80,00 \u20ac Bestellwert: 12,90 \u20ac / \u00fcber 80,00 \u20ac: 19,90 \u20ac,  \nZollgestellung bereits im Preis enthalten.\nReklamationen  bitte nur nach vorheriger Absprache und innerhalb von 14 \nTagen! Dies ist keine zwingende Voraussetzung, allerdings helfen Sie uns da -\ndurch, die Kosten gering und den Ablauf einfach zu gestalten. Zu diesem \nZweck erhalten Sie unseren R\u00fccksendeaufkleber f\u00fcr die kostenlose R\u00fccksen -\ndung (reklamation@bahnhof-apotheke.de).\nEINFACH & BEQUEM ONLINE EINKAUFEN\nMit nur einem Mausklick gelangen Sie von der Homepage zu unserem Online-\nShop. Hier k\u00f6nnen Sie alle Artikel aus diesem Katalog sowie eine Vielzahl weite -\nrer Gesundheits\u00ad und Wohlf\u00fchlprodukte bequem von zu Hause aus bestellen. \nAuch unser Naturkostladen PurNatur bietet ein umfangreiches Versandsortiment.\nMELDEN SIE SICH JETZT AN! \nAbonnieren Sie unseren Newsletter mit aktuellen Informationen zu:\n\u2022 neuen Original-Stadelmann\u00ae-Aromamischungen\n\u2022 besonderen Aktionen\n\u2022 Neuigkeiten aus der Apotheke\n\u2022 Geschenktipps ...\nHelga Altenried\nPatricia M\u00fcller\nIngeborg PirkerCorinna Gams\nPetra M\u00fcller\nBeate RinkJulia Hackel\nPetra Nagengast\nDaniela RistLarissa Kaspar \nSabine Niebauer\nRita RufWir sind f\u00fcr Sie da!\nBew\u00e4hrtes in neuen Gr\u00f6\u00dfen \nImmortelle Akut Spray 100 ml\nRose T eebaum\u00adHydrolat 100 mlZur Info f\u00fcr Sie\nGeburtsbad bisher Entbindungsbad  \nGeburtsduft bisher Entbindungsduft Details zum jeweiligen Produkt entnehmen Sie der entsprechenden Seite \nOriginal-Stadelmann\u00ae-Aromamischungen von A bis Z (siehe Seite 21-51).\nDusch & Shampoo Waldfrische\nerfrischend und atemanregend,  \nwie ein Spaziergang im Wald\nsiehe Seite 27\n87435 Kempten - Allg\u00e4u\nTel. 00  49 (0)8  31 - 5 22 66 11\nwww.bahnhof-apotheke.deOriginal-Stadelmann \u00ae-Aromamischungen\n87435 Kempten - Allg\u00e4u\nTel. 00  49 (0)8  31 - 5 22 66 11\nwww.bahnhof-apotheke.de\u2022 F\u00fcr zwei Naturparf\u00fcm 10 ml\n\u2022 Dusch & \u00d6lbad sinnlich 100 ml\n\u2022 Massage\u00f6l frisch 50 ml\n\u2022 Aphrodite Tee 86 g F\u00dcR ZWEI-SET\nYlang-Ylang\n87435 Kempten - Allg\u00e4u\nTel. 00  49 (0)8  31 - 5 22 66 11\nwww.bahnhof-apotheke.deOriginal-Stadelmann \u00ae-Aromamischungen\n87435 Kempten - Allg\u00e4u\nTel. 00  49 (0)8  31 - 5 22 66 11\nwww.bahnhof-apotheke.de\u2022 Massage\u00f6l Tonka 50 ml\n\u2022 Dusch & Shampoo entspannend 100 ml\n\u2022 Raumduft Andensonne 50 ml\n\u2022 Herzenstr\u00f6ster-Tee 75 gGUTE ERHOLUNG-SET\nPassionsblume\n87435 Kempten - Allg\u00e4u\nTel. 00  49 (0)8  31 - 5 22 66 11\nwww.bahnhof-apotheke.deOriginal-Stadelmann \u00ae-Aromamischungen\nVERW\u00d6HN-SET\nJasmin\n\u2022 Dusch & \u00d6lbad blumig 100 ml\n\u2022 K\u00f6rperemulsion blumig 100 ml\n\u2022 Rosenhydrolat 55 ml\n\u2022 Raumduft Bergamotte-Neroli 50 ml\n87435 Kempten - Allg\u00e4u\nTel. 00  49 (0)8  31 - 5 22 66 11\nwww.bahnhof-apotheke.deOriginal-Stadelmann \u00ae-Aromamischungen\n\u2022 Vorfreude Dusch & Shampoo 100 ml\n\u2022 Vorfreude K\u00f6rper\u00f6l 50 ml\n\u2022 Schwangerschaftstee 70 gVORFREUDE-SET\nZitrone\nOriginal-Stadelmann\u00ae-Aromamischungen  f\u00fcr Gro\u00df und Klein 9F\u00dcR JEDES ALTER DAS RICHTIGE \u00d6L \nJede Zeit im Leben hat ihre eigenen Anspr\u00fcche. Deshalb unterscheiden sich \nunsere Produkte f\u00fcr Kinder von denen f\u00fcr Erwachsene. Wir w\u00e4hlen f\u00fcr jedes \nAlter die geeigneten Inhaltsstoffe und stimmen sie optimal aufeinander ab. \nDie Vertr\u00e4glichkeit unserer Aromamischungen liegt uns am Herzen, des -\nhalb achten wir schon beim Einkauf auf die richtige Qualit\u00e4t der Rohstoffe. \nWir verwenden f\u00fcr unsere Mischungen:\n\uf0fc  Das hautvertr\u00e4gliche Thymian\u00f6l  vom Chemotyp Geraniol und Linalool\n\uf0fc  Die hochwertige Lavendelart Lavandula angustifolia, m\u00f6glichst Berglavendel\n\uf0fc Den vertr\u00e4glichen s\u00fc\u00dfen Fenchel\n\uf0fc Rosmarin  vom ketonarmen Chemotyp Cineol oder Verbenon\n\uf0fc Salbei  mit einem \u00e4u\u00dferst niederen Thujon- und Camphergehalt\n\uf0fc  Das unkritische \u00d6l von Ysop decumbens\n\uf0fc  Wollwachs  (INCI \u00adDeklaration: Lanolin ), das immer mit dem jeweils  \nangege benen fetten Pflanzen\u00f6l weich ger\u00fchrt wird, z.B. mit Aloe-Vera  \nin Mandel\u00f6l sowie Sesam\u00f6l  bei der Baby-Pflegecreme\nDer asiatische Kampferbaum gilt schon immer als Lieferant wichtiger \u00e4theri-\nscher \u00d6le. Die von uns ausgew\u00e4hlten sind v\u00f6llig frei vom Wirkstoff Campher. \nWir verwenden:\n\uf0fc  Ho-Sho  aus China, das \u00d6l vom Chemotyp linalool aus dem Holz des Kamp -\nferbaums (INCI \u00adDeklaration Cinnamomum camphora linalooliferum oil )\n\uf0fc  Ravintsara  aus Madagaskar, das \u00d6l aus den Bl\u00e4ttern des Baumes \n(INCI \u00adDeklaration: Cinnamomum camphora leaf oil )\nF\u00fcr Kinder und Schwangere achten wir ganz besonders darauf, dass die  \nInhaltsstoffe reizfrei sind.\nMehr Infos zur Anwendung von \u00e4therischen \u00d6len bei S\u00e4uglingen und Kindern \nfinden Sie auf unserer Internetseite: www.bahnhof-apotheke.de\nwerden nach den Original \u00adRezepturen  \nvon Ingeborg Stadelmann und Dietmar Wolz hergestellt. \nMit dem -Siegel b\u00fcrgen wir f\u00fcr \nh\u00f6chste naturbelassene Qualit\u00e4t. \nF\u00fcr Gro\u00df und Klein\nOriginal-Stadelmann\u00ae-\nAromamisc hung en\nVon der Schwangerschaft \nbis ins hohe Alter10 H\u00f6chste Anspr\u00fcche Naturreine Qualit\u00e4t 11\n... SIND UNS GERADE GUT GENUG \nWarum haben unsere Original-Stadelmann\u00ae-Aromamischungen keine Bio-  \nAuszeichnung? Ganz einfach: Die Standards, die der Gesetzgeber f\u00fcr  \nNaturkosmetik festgelegt hat, gen\u00fcgen unseren Anspr\u00fcchen nicht. \nWir versprechen naturreine Premium-Qualit\u00e4t und garantieren \nf\u00fcr diese Qualit\u00e4t:\n\uf0fc  Alle Ausgangsstoffe der Aromamischungen sind m\u00f6glichst aus kontrol -\nliert biologischem Anbau (kbA) oder aus kontrollierter Wildsammlung \n(Fairwild) und werden immer auf Identit\u00e4t und Reinheit sowie mikro \u00ad\nbiologisch gepr\u00fcft. \n\uf0fc  Alle \u00e4therischen \u00d6le sind naturrein, wir beziehen die \u00d6le  \nvon ausgew\u00e4hlten Lieferanten. \n\uf0fc  Die fetten Pflanzen\u00f6le stammen m\u00f6glichst aus nativer Pressung.\n\uf0fc  Unsere Hydrolate werden unter sterilen Bedingungen abgef\u00fcllt.\n\uf0fc  Unsere Aromamischungen sind frei von Konservierungsmitteln \n    und synthetischen Zus\u00e4tzen.\n\uf0fc  Wir garantieren eine optimale Lagerung und regelm\u00e4\u00dfige Kontrolle.\n\uf0fc  Die Stadelmann\u00ae-Aromamischungen  werden in sorgsamer Handarbeit \n    in der hauseigenen Manufaktur hergestellt und abgef\u00fcllt.\n\u00dcber 30 Jahre Erfahrung zeichnen uns aus.\nH\u00f6chste Anspr\u00fcche ...\nEtikettieren der Flaschen\n Sorgf\u00e4ltige Handarbeit\nW\u00f6chentlicher Qualit\u00e4tszirkelGEPR\u00dcFTE PREMIUM-QUALIT\u00c4T \nWir sorgen f\u00fcr Ihre Sicherheit bei der Herstellung unserer \nOriginal-Stadelmann\u00ae-Aromamischungen, denn Haut und Nase \nsind bei Jung und Alt empfindliche Organe: \n\uf0fc Wir fordern ausf\u00fchrliche Analysenzertifikate von den Lieferanten.\n\uf0fc  Wir pr\u00fcfen zus\u00e4tzlich mit hochmoderner hauseigener Laborausstattung  \nf\u00fcr Analytik und Mikrobiologie die \u00e4therischen und fetten \u00d6le, Hydrolate \nund Salbengrundlagen. F\u00fcr Technikfans: Wir arbeiten u. a. mit Kapillar \u00ad\nGaschromatographen mit Autosampler, Koppelung an Massenspektro -\nmeter, spezielle S\u00e4ulen zur Enantiomerentrennung, Hochleistungsfl\u00fcssig -\nkeitschromatographie (HPLC).\n\uf0fc  Produktinformationsdatei inkl. Sicherheitsbericht mit Sicherheitsbewertung \nliegen zur Einsicht durch die Beh\u00f6rden in der Bahnhof-Apotheke  vor.\nDie aufwendigen T ests sind notwendig, weil die Zusammensetzung von \u00e4theri-\nschen \u00d6len naturbedingt von Ernte zu Ernte und von Destillation zu Destilla-\ntion schwankt. Abh\u00e4ngig davon m\u00fcssen die Rezepturen f\u00fcr die Stadelmann\u00ae-\nAromamischungen behutsam angepasst werden.\nAlle Stadelmann\u00ae-Aromamischungen sind bei der IFA (Informationsstelle f\u00fcr Arz -\nneimittel) angemeldet. Alle Kosmetikprodukte sind beim CPNP notifiziert und \nentsprechen der Verordnung (EG) Nr. 1223/2009 des Europ\u00e4ischen Parlaments \nund des Rates vom 30. November 2009 \u00fcber kosmetische Mittel (Neufassung). Naturreine Qualit\u00e4t\nMikrobiologie\nHochleistungsfl\u00fcssigkeitschromatographie\n Probenteller GaschromatographOriginal-Stadelmann\u00ae-Aromamischungen  \u2013 Anwendungen    13Sauna\nFrische, belebende D\u00fcfte steigern den Saunagenuss. Einfach ein paar Tropfen \ndavon in den Aufguss geben.\nAndensonne\nErk\u00e4ltungs\u00f6l befreiend\nHallo-Wach-\u00d6lKonzentrations\u00f6l\nMyrte-Rosengeranie-\u00d6l\nSauna\u00f6lWaldfrische\nWintertag\n\u00c4therische \u00d6le in Jojobawachs\nKostbare \u00e4therische \u00d6le aus unserem Gro\u00dfeinkauf werden in Jojobawachs  \nvermischt und von Hand abgef\u00fcllt. Wachsreste in der Duftlampe k\u00f6nnen mit  \nAlkohol oder neutraler Fl\u00fcssigseife entfernt werden. Jojobawachs\u00ad\u00d6le eignen \nsich hervorragend in einem K\u00f6rper\u00f6l oder verd\u00fcnnt als Naturparf\u00fcm sowie mit \nHonig, Sahne oder neutraler Fl\u00fcssigseife vermischt f\u00fcr ein Aromabad.\nEisenkraut 10 %\nImmortelle 10 %\nIris 1 %\nJasmin 1 %Kamille r\u00f6m. 10 %\nLavendel 10 %\nMelisse 10 %\nMuskatellersalbei 10 %Neroli 10 %\nRose Afghanisch 1 %\nRose Iranisch 1 %\nSandelholz 10 %\nBABYPFLEGE \nDie naturbelassene Qualit\u00e4t der Baby\u00ad\npflegeprodukte erkennen Sie am typisch \nnussigen Geruch der enthaltenen nati-\nven Pflanzen\u00f6le. Wegen der besonderen \nSensibilit\u00e4t der neuen Erdenb\u00fcrger ent-\nhalten die K\u00f6rper\u00f6le nur einen gerin-\ngen Anteil \u00e4therischer \u00d6le, sie sind  \noptimal auf die Kleinen abgestimmt. F\u00fcr \ndie t\u00e4gliche Hautpflege empfehlen wir \nIhnen erg\u00e4nzend eines unserer haut-\nfreund lichen alkoholfreien Hydrolate, \nwie Rosen \u00ad oder Lavendelhydrolat. So werden die Baby\u00f6le noch ergiebiger, die \nHaut erh\u00e4lt einen stabilen Feuchtigkeitsmantel, der die empfindliche Babyhaut \nsch\u00fctzt und pflegt.\nBabybad\nBaby\u00f6l angegriffene Haut\nBaby\u00f6l empfindliche Haut\nBaby\u00f6l pflegend\nBaby-PflegecremeBruno\u2019s Babymassage\u00f6l\nDusch & \u00d6lbad Baby & Kind\nDusch & Shampoo \nBaby & Kind\nImmortelle-Akut-SprayLavendelhydrolat\nRosenhydrolat\nRose-Teebaum-Hydrolat\nWindelbalsam\nZahn-\u00d6l\u00c4THERISCHE \u00d6LE \nALS RAUMDUFT\nUnsere Duft\u00f6le sind reine \u00e4therische \nAromamischungen f\u00fcr die Duftlampe \noder elektrische Beduftungsger\u00e4te. Sie \nsind ideal zum Beduften von Wohn- und \nArbeitsr\u00e4umen sowie Krankenzimmern. \nDuft\u00f6le\nAndensonne\nAndere Umst\u00e4nde\nBergamotte-Neroli\nCitronella-Rosengeranie \nErk\u00e4ltungs\u00f6l befreiend\nErk\u00e4ltungs\u00f6l w\u00e4rmend\nFr\u00fcchtekorb\nF\u00fcr Zwei\nGeburtsduft\nGr\u00e4serkorb\nHallo-Wach-\u00d6l\nHans guck in die LuftHeimkommen\nJasmin-Orange\nKonzentrations\u00f6l\nKonzentrations\u00f6l frisch\nKr\u00e4uterkorb\nLuftikus\nMandarinzauber\nMotivationsduft\nRosengeranie-Lavendel-\u00d6l\nRumpelstilzchen\nSandm\u00e4nnchen\nSauna\u00f6lSommerfrische\nTrennungsschmerz\nThymian-Zitrone- \nRaumduft\nWaldfrische \nWaldspaziergang\nWald & Wiese\nWeihnachtsduft\nWeihnachtswichtel\nWintertag\nZitruskorb\nRaumsprays\nRaumsprays k\u00f6nnen ganz unkompliziert in B\u00fcros, Schulen, Praxen, Empfangs \u00ad \nhallen oder Wohnheimen eingesetzt werden. Sie sind auch als Geruchs  binder \nbeliebt und praktisch f\u00fcr unterwegs. Die Sprays k\u00f6nnen Sie auch auf Papier \naufspr\u00fchen, wegen des h\u00f6heren Alkohol  gehaltes jedoch nicht auf die Haut.\nCitronella-Rosengeranie\nErk\u00e4ltungs\u00f6l befreiend\nErk\u00e4ltungs\u00f6l w\u00e4rmend\nGeburtsduft \nHans guck in die Luft\nRaumduft AndensonneRaumduft Bergamotte-Neroli \nRaumduft Iris-Weihrauch\nRaumduft Jasmin-Orange\nRaumduft Kr\u00e4utergarten\nRaumduft RosengeranieRaumduft Sandm\u00e4nnchen \nRaumduft Thymian-Zitrone\nRaumduft Waldfrische\nRosen-Spray\nWeihnachtsb\u00e4ckerei\nWichtiger Hinweis:\nRaumsprays sind nicht zur direkten Anwendung am Menschen zugelassen! \nAnwendungen\nAnwendungsm\u00f6glichkeiten der \nStadelmann\u00ae-Aromamischungen\nGranatapfelB\u00c4DER,  \nDUSCHGELS, \nSHAMPOOS\nF\u00fcr Ihre K\u00f6rperhygiene stehen Ihnen \nunsere 3 in 1 Aromamischungen zur \nWahl. Die \u00d6lb\u00e4der und Shampoos k\u00f6n-\nnen Sie sowohl als Badezusatz, Sham-\npoo, Schaumbad oder auch Fl\u00fcssigseife \nverwenden.\nDusch & \u00d6lb\u00e4der enthalten neben ihrer neutralen, biologisch abbaubaren \nGrundlage zus\u00e4tzlich r\u00fcckfettendes, kaltgepresstes Sesam\u00f6l. So erlebt Ihre \nHaut beim Duschen oder Baden eine nat\u00fcrliche, samtigweiche \u00d6lpflege. \nSehr trockenes Haar erh\u00e4lt beim Waschen Halt und Glanz.\nBaby & Kind\nblumig\nCistrose\nentspannendFamilie\nGrapefruit\nLavendel-Zitrone\nRosesinnlich\nThymian-Myrte\nw\u00e4rmend\nDusch & Shampoos  reinigen und pflegen Haut und Haar \nmit zarter Schaumbildung.\nanregend\nBaby & Kind\nCistrose\nentspannend\nGrapefruitLitsea \nPalmarosa \nRose\nSandelholz\nsinnlichTeebaum\nThymian-Myrte\nVorfreude\nWaldfrische\nZeder\nSalzb\u00e4der  werden auf der Basis von Atlantik-Meersalz hergestellt, in das die \n\u00e4therischen \u00d6le achtsam von Hand eingemischt werden. Durch den Zusatz \ndes kostbaren Pflanzen\u00f6ls der Jojobanuss sind die Salzb\u00e4der angenehm haut -\npflegend und r\u00fcckfettend. Bei Salzb\u00e4dern ist die Haltbarkeit auf 6 Monate \n begrenzt, da sich der Duft schnell verfl\u00fcchtigt.\nBabybad\nCellulitebad\nCistrosenbad\nEntspannungsbad\nFamilienbadGeburtsbad\nHallo-Wach-Bad\nLavendel-Zitrone-Bad\nSandelholz-Sitzbad\nSitzbadThymian-Myrte-Bad\nVerw\u00f6hnbad\nWaldfrischebad\nERFRISCHUNGS-  \nD\u00dcFTE & \nHAUTSPRAYS\nDie Aromamischungen wirken je nach \nDuftrichtung erfrischend, belebend, \n beruhigend oder geruchsbindend. Die \nHautsprays zum Beispiel k\u00fchlen und \n aktivieren oder sie pflegen empfindli -\nche Haut und Schleimhaut. Sie k\u00f6nnen \nauch einfach nur als fein duftendes \nParf\u00fcm eingesetzt werden. Eines  \nhaben alle Hautsprays gemein: Als hautpflegende Wohltat auf der Basis von  \nnaturbelassenen Hydrolaten sind sie ideal zur Befeuchtung von Armen und \nBeinen oder als Ganzk\u00f6rpererfrischung nach einer Massage. \nAlpenfrische\nFr\u00fcchtekorb\nGr\u00e4serkorb\nHandsprayKonzentrations\u00f6l frisch\nMyrte-Zeder Hydrolat\nNeroli-Ylang Hydrolat\nPfefferminz-Litsea HydrolatWaldspaziergang \nWeihrauch-Zitrone \nZitruskorb\nERK \u00c4LTUNGS -  \nZEIT\nZur Pflege w\u00e4hrend der Erk\u00e4ltungs -\nzeit sind wohlduftende Aromami -\nschungen f\u00fcr Gro\u00df und Klein beson -\nders gefragt: zum Einreiben auf Brust \nund R\u00fccken, f\u00fcr wohltuende Wickel, \nf\u00fcr Aromab\u00e4der oder zur Raumbeduf -\ntung.\nAllg\u00e4uer Atem\u00f6l\nDusch & \u00d6lbad Thymian-\nMyrte\nDusch & \u00d6lbad w\u00e4rmend\nDusch & Shampoo  \nThymian-MyrteEngelwurzbalsam\nErk\u00e4ltungs\u00f6l befreiend\nErk\u00e4ltungs\u00f6l w\u00e4rmend\nHalstr\u00f6ster\nJohanniskraut-Lavendel-\u00d6l\nLavendel-Zitrone-BadLavendel-Zitrone-\u00d6l\nRaumduft Thymian-Zitrone\nThymian-Angelika-\u00d6l\nThymian-Benzoe-\u00d6l\nThymian-Myrte-Badesalz\nThymian-Myrte-Balsam\n14 Original-Stadelmann\u00ae-Aromamischungen  \u2013 Anwendungen Original-Stadelmann\u00ae-Aromamischungen  \u2013 Anwendungen 15GESICHTS-  \nPFLEGE\nOb zarte, empfindliche oder trockene\nHaut \u2013 die Pflege mit einer Aromami -\nschung und einem Hydrolat bietet \nJung und Alt wertvollen Schutz. Wir \nempfehlen zun\u00e4chst die Gesichtshaut \nmit einem Hydrolat zu befeuchten und \ndann die Creme aufzutragen. So f\u00fchren \nSie Ihrer Haut ausreichend Feuchtigkeit \nzu und die Creme ist noch ergiebiger. \nDie Gesichtscreme bieten wir im Airles\u00adSpender und im Porzellantiegel an.  \nDie Haltbarkeit von 6 Monaten im Tiegel ist gegeben, wenn die Entnahme mit \neinem sauberen L\u00f6ffelstiel oder Spatel erfolgt.\nBart\u00f6l Myrte\nBart\u00f6l Zypresse\nGesichtscreme f\u00fcr  \nden Mann\nGesichtscreme Myrte\nGesichtscreme NeroliGesichtscreme Rose\nK\u00e4lteschutzsalbe\nMyrtenhydrolat\nMyrte-Zeder Hydrolat\nNerolihydrolat \nNeroli-Ylang HydrolatPflegecreme mit Baobab\nRasierwasser frisch\nRasierwasser herb\nRosenbalsam\nRosenhydrolat\nRose-Teebaum-Hydrolat\nGESUNDHEITS- & \nKRANKENPFLEGE\nWenn Sie sich unwohl in Ihrer Haut \nf\u00fchlen, weil sie empfindlich oder gereizt \nist, wenn Sie das Zipperlein plagt oder \nes da und dort kneift, dann nehmen \nSie sich eine Auszeit mit wohltuenden \nD\u00fcften. Auch in der Pflege haben sich \nAromamischungen sowohl im statio -\nn\u00e4ren wie im h\u00e4uslichen Alltag bew\u00e4hrt. \nTun Sie Pflegebed\u00fcrftigen Gutes mit \neiner Aromamassage, einer Einreibung, einem Aromawickel oder mit einem \nangenehmen Raumduft.\nDuft\u00f6le/Raumsprays\nBergamotte-Neroli \nErk\u00e4ltungs\u00f6l w\u00e4rmend\nGrapefruit komplett\nHallo-Wach-\u00d6l\nKr\u00e4uterkorb\nMyrte-Rosengeranie-\u00d6l\nRaumduft AndensonneRaumduft Bergamotte-Neroli\nRaumduft Iris-Weihrauch\nRaumduft Jasmin-Orange\nRaumduft Kr\u00e4utergarten\nRaumduft Thymian-Zitrone\nRaumduft Waldfrische\nRosengeranie-Lavendel-\u00d6lRose-Teebaum-Essenz\nSommerfrische\nThymian-Zitrone-Raumduft\nTrennungsschmerz\nWaldspaziergang\nWintertag\nHautsprays f\u00fcr Gesundheits- und Krankenpflege\nAlpenfrische\nGr\u00e4serkorb \nImmortelle-Akut-SprayIntimpflegehydrolat\nMyrte-Zeder Hydrolat\nNeroli-Ylang HydrolatPfefferminz-Litsea Hydrolat\nWeihrauch-Zitrone\nWaldspaziergangFETTE  \nPFLANZEN\u00d6LE \nUnsere fetten Pflanzen\u00f6le stammen \u2013 \nsoweit verf\u00fcgbar \u2013 aus nativer Pressung \nund kontrolliert biologischem Anbau \n(kbA). Sie sind von bester naturreiner \nQualit\u00e4t. Auf diese Weise erf\u00e4hrt Ihre \nHaut nicht nur eine nat\u00fcrliche Pflege, \nsondern ihr werden auch wertvolle, \nlebensnotwendige Fetts\u00e4uren zugef\u00fchrt. \nKreieren Sie Ihr eigenes Naturparf\u00fcm \noder Haut\u00f6l, indem Sie Ihre \u00e4therischen Lieblingsd\u00fcfte in ein fettes Basis\u00f6l \neinmischen! Kokos\u00f6l wird von Kundinnen auch gerne zum t\u00e4glichen \u00d6lziehen \nverwendet.\nAloe-Vera in Mandel\u00f6l\nAprikosenkern\u00f6l\nArgan\u00f6l\nArnika in Oliven\u00f6l\nBaobab\u00f6l\nCalophyllum-inophyllum\nGranatapfelsamen\u00f6l\nHanf\u00f6l Johanniskraut in Oliven\u00f6l\nJojobawachs\nKokos\u00f6l\nMandel\u00f6l\nMarula\u00f6l\nNachtkerzen\u00f6l\nOliven\u00f6l \nRingelblumen in Mandel\u00f6lSanddorn\u00f6l \nSesam\u00f6l\nSheabutter\nSonnenblumen\u00f6l\nWalnuss\u00f6l\nWeizenkeim\u00f6l\nWildrosen\u00f6l \nGeruch und Farbe der \u00d6le unterliegen naturbedingten Schwankungen.\nDie h\u00e4ufig geh\u00f6rte Warnung, dass Nuss \u00adAllergiker auch auf Mandel \u00ad,  \nHaselnuss \u00ad und Walnuss\u00f6l verzichten sollen, gilt nur f\u00fcr die innere Ein -\nnahme und trifft bei der \u00e4u\u00dferen Anwendung nicht zu.\nFUSSPFLEGE\nFu\u00dfpflege mit Aromamischungen ist \nnicht nur f\u00fcr Diabetiker eine duftende \n Erquickung, sondern eine erholsame \nWohltat f\u00fcr alle. G\u00f6nnen Sie Ihren \n F\u00fc\u00dfen eine kleine Pflegekur, denn sie \nsollen Sie ja noch l\u00e4nger durchs Leben \ntragen.\nFu\u00dfbad ausgleichend\nFu\u00dfbad k\u00fchlend\nFu\u00dfcreme anregendFu\u00dfcreme ausgleichend\nKr\u00e4uterkorb\nRose-Teebaum-HydrolatTeebaumhydrolatWie immer ist es ratsam unsere Original-Stadelmann\u00ae-Aromamischungen auf \ndie mit Hydrolat befeuchtete Haut aufzutragen, das l\u00e4sst die \u00d6le schnell in \ndie Haut einziehen und st\u00e4rkt den Feuchtigkeitsmantel der Haut. Ihrem Mund \u00adNasen \u00adSchutz geben Sie Ihren pers\u00f6nlichen Duft mit einem \nSpr\u00fchsto\u00df unserer Erk\u00e4ltungssprays oder einem Tropfen eines Duft\u00f6ls, \nz.B. Erk\u00e4ltungs\u00f6l  befreiend oder f\u00fcr Kinder Thymian-Benzoe-\u00d6l . \nINSEKTEN -\nZEIT\nViele Insekten m\u00f6gen bestimmte D\u00fcfte \nnicht. Die Aromamischungen k\u00f6nnen in \nder Duftlampe oder zum Bespr\u00fchen \nvon Kleidung, Fliegengittern bzw. Zim-\nmervorh\u00e4ngen verwendet werden. \nWaren die Plagegeister jedoch schneller, \nk\u00f6nnen Sie die Haut mit duftenden \nAromamischungen beruhigen.\nCitronella-Kokos- \nHautbalsam\nCitronella-Rosengeranie-Duft\u00f6l\nCitronella-Rosengeranie-KerzeCitronella-Rosengeranie-NP\nCitronella-Rosengeranie-Raum -\nspray\nGr\u00e4serkorb Insektenstich\u00f6l\nMelissenbalsam\nMelissen-Teebaum-\u00d6l\nRose-Teebaum-Essenz\nINTIMPFLEGE\nF\u00fcr die t\u00e4gliche Intimpflege sind neben \nder Reinigung mit Wasser unsere  \neigens daf\u00fcr entwickelten naturreinen \nAromamischungen bestens geeignet.\nAufgrund ihrer hautfreundlichen pH-\nWerte (4,0 \u2013 4,2) halten sie den S\u00e4ure -\nschutzmantel aufrecht. So bleibt das \nfeuchte Scheidenmilieu in Balance. \nManche Frauen bevorzugen den etwas \ns\u00fc\u00dflich \u00adblumigen Duft des Neroli \u00ad\nYlang \u00adHydrolates sowie der gleich namigen Creme. Frauen, die zu wieder \nkehrenden Vaginalinfektionen neigen, empfehlen wir das Intimpflegespray \noder Rose \u00adTeebaum \u00adHydrolat in Kombination mit der Intimpflegecreme. Bei \ntrockener Vaginalschleimhaut empfiehlt sich das Frauen \u00adGranatapfel\u00f6l, das \nf\u00fcr ein angenehmes Wohlgef\u00fchl sorgt. \nDie Cremes enthalten neben geringen Mengen Bienenwachs, das f\u00fcr die  \nKonsistenzgebung ben\u00f6tigt wird, vor allem reichlich Sheabutter, deren gute \nVertr\u00e4glichkeit sich bestens zur Intimpflege eignet. Weich ger\u00fchrt stellen die \nCremes mit hochwertigem Granatapfelsamen \u00ad und Nachtkerzen\u00f6l und  \nderen mehrfach unges\u00e4ttigten Fetts\u00e4uren eine ideale \u201eNahrung\u201c f\u00fcr die  \nVaginalschleimhaut dar. Die ebenso enthaltenen \u00e4therischen \u00d6le pflegen und \nst\u00e4rken das Vaginalmilieu nachhaltig.\nFrauen-Granatapfel\u00f6l \nIntimpflegecreme\nIntimpflegecr. Neroli-YlangIntimpflegehydrolat\nNeroli-Ylang Hydrolat\nRosenhydrolatRose-Teebaum-HydrolatK\u00f6rper-, Massage\u00f6le und K\u00f6rperemulsionen\nAllg\u00e4uer Atem\u00f6l\nAllg\u00e4uer-\u00d6l\nCellulite-\u00d6l\nCistrosen\u00f6l\nFenchel-K\u00fcmmel-\u00d6l \nFrauen-Granatapfel\u00f6l\nGelassenheit\nHand-K\u00f6rperemulsion\nKamille-Fenchel-\u00d6l\nKarotten-Limetten-\u00d6l\nKemptener-\u00d6l\nKreuzbein-Massage\u00f6lK\u00f6rperemulsion Benzoe- \nVanille\nK\u00f6rperemulsion blumig \nK\u00f6rperemulsion Salbei\nK\u00f6rper\u00f6l Harmonia\nK\u00f6rper\u00f6l trockene Haut La-\nvendel-Zitrone-\u00d6l \nLavendel-Zypressen-\u00d6l\nMassage\u00f6l entspannend\nMassage\u00f6l Marula \nMassage\u00f6l Tonka\nMassage\u00f6l w\u00e4rmendMelisse-Teebaum-\u00d6l\nNarbenpflege\u00f6l\nPalmarosa Lymph\u00f6l\nPflege\u00f6l angegriffene Haut\nPflege\u00f6l HFS\nPflege\u00f6l zum Hautschutz \nPflegewohl-\u00d6l\nSalbei-Zypressen-\u00d6l\nSprachlos\nStrahlenpflege\u00f6l\nThymian-Angelika-\u00d6l\nYsop-Immortellen-\u00d6l\nSalben / Cremes\nBeinwellsalbe\nCistrosencreme\nEngelwurzbalsam\nFu\u00dfcreme ausgleichend\nHamamelis-Myrte-Balsam\nImmortelle-Beinwell-Salbe \nIntimpflegecremeIntimpflegecreme Neroli-\nYlang \nLippenbalsam\nLippenpflege\nMelissenbalsam\nNarbenpflegecreme\nPflegecreme mit BaobabRingelblumensalbe\nRosenbalsam\nRose-Teebaum-Balsam\nStrahlenpflegecreme \nThymian-Myrte- Balsam \nWindelbalsam\nHAARPFLEGE\nUnsere Dusch & Shampoos sowie alle \nDusch & \u00d6lbader sind auch zur Haar -\npflege geeignet, Letztere idealerweise \nf\u00fcr trockenes Haar und bei strapazier -\nten Haarspitzen. Bei trockener Kopf-\nhaut empfehlen wir zur Pflege t\u00e4glich \nein Hydrolat Ihrer Wahl zu verwenden. \nVor oder nach der W\u00e4sche k\u00f6nnen Sie \nIhrer Kopfhaut und dem Haar mit duf-\ntendem Haar\u00f6l oder einem Balsam eine \nErholungskur g\u00f6nnen.\nHaarbalsam \nMelissenbalsamRosenbalsam\nRosenhydrolat Teebaum-Haar\u00f6l\nZeder-Haar\u00f6l\nDusch & Shampoos, Dusch & \u00d6lbader siehe Seite 14\n \n16 Original-Stadelmann\u00ae-Aromamischungen  \u2013 Anwendungen Original-Stadelmann\u00ae-Aromamischungen  \u2013 Anwendungen 17HYDROLATE \n& HYDROLAT -\nMISCHUNGEN\nKlassische Hydrolate sind das w\u00e4ssrige \nErgebnis der Wasserdampfdestillation \nnach Abzug des \u00e4therischen \u00d6ls. Daher \nentspricht ihr zarter Duft nicht dem \ndes \u00e4therischen \u00d6ls und ist f\u00fcr manche \nNasen zun\u00e4chst \u00fcberraschend anders. \nUnsere Hydrolate sind frei von Alko-\nhol und anderen Zus\u00e4tzen und werden im hauseigenen Labor auf mikrobio-\nlogische Reinheit gepr\u00fcft. Eine sofortige sterile Abf\u00fcllung in Spr\u00fchflaschen mit \nBakterienfilter garantiert die Mindesthaltbarkeit dieser wohltuenden, pflegen-\nden Erfrischungsw\u00e4sser. Sie dienen zur Feuchtigkeitsregulierung bei der  \nGesichts\u00ad, Intim\u00ad und Babypflege sowie zur Pflege irritierter Haut. Ihr pH\u00adWert \n(ca. 4,0 \u2013 5,0) liegt im leicht sauren Bereich, daher sind sie au\u00dferordentlich haut-\nfreundlich und -vertr\u00e4glich. \nUnsere naturbelassenen Hydrolate eignen sich optimal zur Ganzk\u00f6rperpflege \nin Kombination mit unseren K\u00f6rper\u00f6len und \u00ademulsionen. Bei Letzteren sind \nHydrolate ein Muss, um so die Hautpflege zu optimieren. Hydrolate sind au\u00dfer -\ndem ideal als Hautparf\u00fcm und vor allem zur t\u00e4glichen Befeuchtung von Schleim-\nh\u00e4uten, wie etwa bei der Mund\u00ad und Intimpflege. \nEinigen Hydrolaten sind \u00e4therische \u00d6le zugesetzt, sie erkennen diese immer am \nPflanzen\u00adDoppelnamen wie z.B. Neroli\u00adYlang\u00adHydrolat.\nImmortelle-Akut-Spray\nImmortellenhydrolat\nIntimpflegehydrolat\nLavendelhydrolat\nMelissenhydrolat\nNerolihydrolatNeroli-Ylang Hydrolat\nPfefferminzhydrolat\nPfefferminz-Litsea Hydrolat\nRosengeranienhydrolat\nRosenhydrolat (Rose alba)\nRose-Teebaum-HydrolatRosmarinhydrolat\nSalbeihydrolat\nTeebaumhydrolat \nThymianhydrolat\nWeihrauchhydrolat\nWei\u00dftannenhydrolatKINDER &  \nJUGENDLICHE\nKinder und Jugendliche lieben nicht nur \neinen feinen Raumduft, sondern auch \nAromamassagen, Hydrolate, Naturpar -\nf\u00fcms und -b\u00e4der. \nZur Konzentrationsf\u00f6rderung w\u00e4hrend \nder Lernphasen genauso wie zur Ent-\nspannung am Abend.\nDuft\u00f6le\nBergamotte-Neroli \nErk\u00e4ltungs\u00f6l w\u00e4rmend \nFr\u00fcchtekorb\nGr\u00e4serkorbHans guck in die Luft\nKr\u00e4uterkorb\nKonzentrations\u00f6l\nLuftikusMotivationsduft\nRumpelstilzchen\nSandm\u00e4nnchen\nZitruskorb\nNaturparf\u00fcms\nCitronella-Rosengeranie \nHans guck in die Luft\nKonzentrations\u00f6lKr\u00e4uterkorb\nLuftikus\nThymian-BenzoeTrennungsschmerz\nRaum- und Hautsprays\nFr\u00fcchtekorb\nGr\u00e4serkorb\nHans guck in die LuftKonzentrations\u00f6l frisch\nRaumduft Sandm\u00e4nnchen \nRaumduft WaldfrischeZitruskorb\nK\u00f6rper-, Massage\u00f6le und Emulsionen\nAllg\u00e4uer Atem\u00f6l f. Kinder\nCistrosen\u00f6l f\u00fcr Kinder\nKindermassage\u00f6l Dornr\u00f6schenKindermassage\u00f6l Kobold\nKindermassage\u00f6l Strubbelpeter\nK\u00f6rperemulsion Benzoe-Vanille K\u00f6rper\u00f6l entspannend\nMassage\u00f6l entspannend\nThymian-Angelika-\u00d6l\nHydrolate\nLavendelhydrolat \nMelissenhydrolatNerolihydrolat\nPfefferminz-Litsea HydrolatRosenhydrolat\nTragen Sie K\u00f6rper \u00ad und Massage\u00f6le sowie Emulsionen idealerweise auf \ndie mit Hydrolat befeuchtete oder noch duschnasse Haut auf. Oder geben \nSie \u00d6l und Hydrolat im Verh\u00e4ltnis 2 :1 in die hohle Hand und verteilen Sie \ndie Mischung auf der Haut.\nErg\u00e4nzung zur Gesundheits\u00ad und Krankenpflege\nB\u00e4der, Dusch & Shampoo, Dusch & \u00d6lbad siehe Seite 14 \nWaschzusatz siehe Seite 48\nDer gro\u00dfe Teil unserer Aromamischungen ist nat\u00fcrlicherweise vegan, da \nsie aus pflanzlichen Rohstoffen hergestellt werden. Lediglich Bienenwachs \nund Wollwachs sind den tierischen Rohstoffen zuzuordnen. Diese erh\u00f6hen \ndie Wertsch\u00f6pfungskette im Ursprung, zudem garantieren sie Stabilit\u00e4t und \nKonsistenz unserer Aromacremes- und salben. \nSelbstverst\u00e4ndlich stellen auch wir, entsprechend der Kosmetikverordnung, \nunsere Aromamischungen frei von Tierversuchen her.\n Nur echt mit dem Siegel!\nDie Original-Stadelmann\u00ae-Aromamischungen werden nach den Original \u00ad\nRezepturen von Ingeborg Stadelmann und Dietmar Wolz hergestellt. \nMit dem -Siegel b\u00fcrgen wir f\u00fcr h\u00f6chste naturbelassene Qualit\u00e4t. \n18 Original-Stadelmann\u00ae-Aromamischungen  \u2013 Anwendungen Original-Stadelmann\u00ae-Aromamischungen  \u2013 Anwendungen 19MUND- &  \nLIPPENPFLEGE\nBei rauen, empfindlichen Lippen haben \nsich vor allem Melissen\u00f6lmischungen \nbew\u00e4hrt; sie sind auch wohltuend bei \nHerpes. Die Aromamischungen mit \n Rosengeranie, Immortelle und Myrte \nempfehlen sich als erg\u00e4nzender Zusatz \nzur Zahnfleischpflege und Mundhygiene.  \nDie Mundpflegeprodukte haben sich \ninsbesondere bei Pflegebed\u00fcrftigen und \nin der Palliativ Care bew\u00e4hrt.\nLippenbalsam\nLippenpflege\nMyrte-Rosengeranie-\u00d6l\nMelissenhydrolat\nMundpflege\u00f6l SanddornMundpflege\u00f6l St. Elisabeth\nMundpflegespray \nMundpflegespray Myrte \n\u00d6lziehkur Immortelle\n\u00d6lziehkur ZitroneRosenhydrolat \nRosengeranie-Lavendel-\u00d6l\nRose-Teebaum-Hydrolat\nNATURPARF\u00dcMS \n& ROLL-ONS\nNaturparf\u00fcms sind sowohl nach Lust und \nLaune als auch in der Aromatherapie und \nAromapflege einsetzbar. Geben Sie ein-\nfach einen Tropfen davon hinters Ohr, auf \nden Pulsbereich am Handgelenk, in die \nArmbeuge oder in die Kniekehle. \nAllg\u00e4uer-F\u00f6hn-\u00d6l\nAndere Umst\u00e4nde\nCitronella-Rosengeranie\nF\u00fcr Zwei\nGeborgenheit\nGelassenheit \nHans guck in die LuftHeimkommen\nInsektenstich\u00f6l\nKonzentrations\u00f6l\nLemongras-Ingwer-\u00d6l\nLuftikus\nMandarinzauber\nMotivationsduftRosengarten\nSandm\u00e4nnchen\nSchlafm\u00fctze\nSprachlos \nThymian-Benzoe-\u00d6l\nTrennungsschmerz\nZyklus-LauneK\u00d6RPER- & \nMASSAGE\u00d6LE\nUnsere K\u00f6rper- und Massage\u00f6le wie \nauch die Hand- und K\u00f6rperemulsionen \nduften nicht nur sch\u00f6n, sondern pflegen \nauf ganz nat\u00fcrliche Weise. Tragen Sie die \n\u00d6le idealerweise auf die nasse oder mit \nHydrolat befeuchtete Haut auf.\nGelassenheit\nHandpflege mit Sheabutter\nHand- und K\u00f6rperemulsion\nK\u00f6rperemulsion Benzoe- \nVanille\nK\u00f6rperemulsion SalbeiK\u00f6rper\u00f6l Andensonne\nK\u00f6rper\u00f6l entspannend\nK\u00f6rper\u00f6l festigend\nK\u00f6rper\u00f6l Harmonia\nK\u00f6rper\u00f6l kr\u00e4ftigend\nK\u00f6rper\u00f6l LavendelK\u00f6rper\u00f6l trockene Haut\nLavendel-Zitrone-\u00d6l \nPflegecreme mit Baobab\nRosen-K\u00f6rper\u00f6l\n K\u00f6rperpflege f\u00fcr die Frau\nVon der Pubert\u00e4t bis nach den Wechseljahren \u2013 frau findet hier f\u00fcr jede Lebens-\nsituation eine passende Aromamischung, die sie begleitet und unterst\u00fctzt.\nBrustmassage\u00f6l\nCellulite-\u00d6l\nFrauen-Granatapfel\u00f6l\nGelassenheit\nIntimpflegecreme\nIntimpflegecreme Neroli-Ylang\nIntimpflegehydrolat\nKlimakterium K\u00f6rper\u00f6l  \nKlimakt. K\u00f6rper\u00f6l  k\u00fchlend\nK\u00f6rper\u00f6l AndensonneK\u00f6rper\u00f6l entspannend\nK\u00f6rper\u00f6l festigend\nK\u00f6rper\u00f6l f\u00fcr die Frau\nK\u00f6rper\u00f6l Harmonia\nK\u00f6rper\u00f6l kr\u00e4ftigend\nK\u00f6rper\u00f6l Lavendel\nK\u00f6rper\u00f6l trockene Haut\nMassage\u00f6l blumig\nMassage\u00f6l frisch\nMassage\u00f6l StorchMassage\u00f6l w\u00e4rmend\nMassage\u00f6l w\u00fcrzig\nMens-Massage\u00f6l\nNeroli-Ylang Hydrolat\nRosenhydrolat \nRosen-K\u00f6rper\u00f6l\nVorfreude K\u00f6rpercreme\nVorfreude K\u00f6rper\u00f6l\nZyklus-Massage\u00f6l\n K\u00f6rperpflege f\u00fcr den Mann\nAuch M\u00e4nner haben l\u00e4ngst entdeckt, dass sie ihrer Haut Gutes tun k\u00f6nnen.\nBart\u00f6l Myrte oder Zypresse\nFu\u00dfcreme anregend\nGesichtscreme f. d. Mann\nGesichtscreme Myrte\nHand- und K\u00f6rperemulsionKemptener-\u00d6l\nK\u00f6rper\u00f6l f\u00fcr den Mann\nK\u00f6rper\u00f6l kr\u00e4ftigend\nMassage\u00f6l w\u00fcrzig\nMyrtenhydrolatMyrte-Zeder Hydrolat\nPfefferminz-Litsea Hydrolat \nRasierwasser frisch\nRasierwasser herb\nZeder-Shampoo\nMassage\u00f6le\nDie Aromamassage\u00f6le enthalten einen h\u00f6heren Anteil an \u00e4therischen \u00d6len \nals die K\u00f6rper\u00f6le und sollten nur f\u00fcr bestimmte K\u00f6rperpartien oder gele -\ngentlich zur Ganzk\u00f6rperbehandlung angewendet werden.\nAllg\u00e4uer-\u00d6l\nBrustmassage\u00f6l\nFenchel-K\u00fcmmel-\u00d6l \nKemptener-\u00d6l\nKreuzbein-Massage\u00f6l\nLavendel-Zypressen-\u00d6l  \nk\u00fchlendLavendel-Zypressen-\u00d6l\nMassage\u00f6l beruhigend\nMassage\u00f6l blumig\nMassage\u00f6l entspannend\nMassage\u00f6l frisch\nMassage\u00f6l Marula\nMassage\u00f6l StorchMassage\u00f6l Tonka\nMassage\u00f6l w\u00e4rmend\nMassage\u00f6l w\u00fcrzig\nPflege\u00f6l zum Hautschutz \nRosengeranie-Lavendel-\nMassage\u00f6l\nZyklus-Massage\u00f6lSCHWANGER -\nSCHAFT , GEBURT \n& STILLZEIT\nIn der sensiblen Lebensphase von der \nSchwangerschaft bis zum Ende der Still -\nzeit leisten naturreine Duftmischungen \nwertvolle und hilfreiche Unterst\u00fctzung. \nOb zur Raumbeduftung, als K\u00f6rper \u00ad und \nMassage\u00f6le, als Aromabad, als Aromawi-\nckel oder als Riechfl\u00e4schchen und Natur -\nparf\u00fcm \u2013 sie sind auf vielseitigste Weise \neinsetzbar und helfen Ihnen, kleinere und auch gr\u00f6\u00dfere Probleme in dieser Zeit \nzu \u00fcberwinden. \nSchwangerschaft\nAndere Umst\u00e4nde\nDammmassage\u00f6l\nEntspannungsbad\nHallo-Wach-Bad\nHallo-Wach-\u00d6l\nHamamelis-Myrte-\nBalsamHeimkommen \nKarotten-Limetten-\u00d6l\nK\u00f6rper\u00f6l entspannend\nKreuzbein-Massage\u00f6l\nLavendel-Zypressen-\u00d6l\nLemongras-Ingwer-\u00d6l\nPurzelbaum\u00f6lSchwangerschafts - \nstreifen\u00f6l\nToko-\u00d6l\nVorfreude Dusch & Shampoo\nVorfreude K\u00f6rperbutter\nVorfreude K\u00f6rpercreme\nVorfreude K\u00f6rper\u00f6l\nGeburt\nEntspannungsbad\nGeburtsbad \nGeburtsduftGeburts\u00f6l\nKonzentrations\u00f6l\nRosengartenSprachlos\nToko-\u00d6l\nUt-\u00d6l\nWochenbett, Stillzeit\nBeinwellsalbe\nBergamotte-Neroli\nBrustpflegecreme\nFenchel-K\u00fcmmel-\u00d6l f\u00fcr \nKinder\nHamamelis-Myrte-Balsam\nKamille-Fenchel-\u00d6l\nMelissenbalsamMelissenhydrolat \nRingelblumensalbe\nRosengeranie-Lavendel-\nMassage\u00f6l\nRosengeranie-Lavendel-\u00d6l\nRosenhydrolat\nRose-Teebaum-Balsam\nRose-Teebaum-EssenzRose-Teebaum-Hydrolat \nSalbei-Zypressen-\u00d6l\nSitzbad\nStill\u00f6l\nWochenbettbauch- \nmassage\u00f6l\nYsop-Immortellen-\u00d6lSONNENPFLEGE\nSch\u00fctzen Sie Ihre Haut auf gut vertr\u00e4gli-\nche Weise vor der Sonne, aber bedenken \nSie, dass ein nat\u00fcrlicher Sonnenschutz \nkeinen h\u00f6heren Licht\u00adschutzfaktor als 4 \nbieten kann. Die Pflege\u00f6le und Hydrolate \nberuhigen sonnenstrapazierte Haut.\nLavendelhydrolat\nMelissenhydrolat\nRosenhydrolat Rosengeranie-Lavendel-\nMassage\u00f6l\nRose-Teebaum-HydrolatSonnen\u00f6l LSF 3 \u2013 4\nSonnenpflege intensiv\nSonnenpflege\u00f6l\nSPORT\nMit einer Aroma \u00adEinreibung k\u00f6nnen Sie \nMuskeln und Gelenke vor dem Sport \nerw\u00e4rmen und nach dem Sport die Re -\ngeneration unterst\u00fctzen, am besten \nkombiniert mit einem feucht-warmen \nWickel. So k\u00f6nnen Sie auch betroffene \nHautstellen nach Prellungen, Verren -\nkungen und Verstauchungen pflegen.\nAllg\u00e4uer-\u00d6l\nAlpenfrische\nBeinwellsalbe\nDusch & Shampoo w\u00e4rmend\nImmortelle-Akut-Spray\nImmortelle-Beinwell-SalbeImmortellenhydrolat\nKamille-Fenchel-\u00d6l\nKemptener-\u00d6l\nLavendel-Zypressen-\u00d6l\nMassage\u00f6l beruhigend\nMassage\u00f6l TonkaMassage\u00f6l w\u00e4rmend\nPfefferminzhydrolat\nRingelblumensalbe\nRose-Teebaum-Essenz\nSport\u00f6l\nYsop-Immortellen-\u00d6l\nTIERPFLEGE\nMit den richtigen D\u00fcften halten Sie das \nFell Ihres Vierbeiners gesund und sch\u00fct-\nzen es vor unerw\u00fcnschten Plagegeistern. \nZur Pflege nach Verletzungen eignen sich \ndie Aromamischungen ebenfalls.\nDusch & Shampoo Tee -\nbaum\nFellpflege Kokoswachs \nFellpflegespray\nImmortellenhydrolatImmortelle-Akut-Spray \nRose-Teebaum-Essenz\nRose-Teebaum-Hydrolat\nSitzbad \nTeebaumhydrolatSie haben Fragen zu unseren Produkten?\nWir beraten Sie gerne \u2013 pers\u00f6nlich, individuell \nund fachlich kompetent. \nUnsere Aromaexpertinnen und pharmazeutisch-technischen  \nAssistentinnen freuen sich auf Ihren Anruf: 00 49 (0)8 31 \u2013 5 22 66 11  \noder info@bahnhof-apotheke.de\nMontag \u2013 Freitag: 8.00 \u2013 19.00 Uhr  \nSamstag:  9.00 \u2013 18.00 Uhr\nUnsere Aromamischungen sind naturbelassen, frei von  \nKonservierungsmitteln und synthetischen Zus\u00e4tzen\nBitte achten Sie auf eine hygienische Entnahme, \ndies gelingt z.B. indem Sie\n\u2022 auf saubere H\u00e4nde achten,\n\u2022 das Ber\u00fchren des Flaschenhalses vermeiden,\n\u2022 bei den Kruken nur den kleinen wei\u00dfen Deckel \u00f6ffnen, \n\u2022 die Cremes mittels L\u00f6ffelstiel oder Spatel entnehmen.\nOriginal-Stadelmann\u00a9-Aromamischungen  \u2013 A 21Alpenfrische  \u2022  minzig-frisch, krautig  \nk\u00fchlend und erfrischend nach dem Sport, an hei\u00dfen Tagen; zur atem- \naktivierenden Einreibung\nPfefferminzhydrolat, Aloe-Vera in Raps\u00f6l, Ethanol, Pfefferminze, Eukalyptus glo -\nbulus, Latschenkiefer, Rosmarin, Lavendel\n26,50 \u20ac/100 ml   Hautspray 10743050 30 ml 7,95 \u20ac\nAndensonne  \u2022  zitronig, krautig, kl\u00e4rend\nfrischer und anregender Duft, der Klarheit, Lebensfreude und Konzen \u00ad \ntration bringt\nAtlaszeder, Eisenkraut Anden, Eukalyptus globulus, Grapefruit, Limette, Myrte, \nWeihrauch \n190,00 \u20ac/100 ml     Duft\u00f6l 04950589 5 ml 9,50 \u20ac\nAndere Umst\u00e4nde  \u2022  frisch, erdig\nwohltuend in der Schwangerschaft und auf der Reise\nNaturparf\u00fcm: Jojobawachs; Neroli, Lemongras, Orange, Sandelholz, Rosmarin, \nCajeput, Limette \n459,00 \u20ac/100 ml  Duft\u00f6l 01749504 5 ml 22,95 \u20ac\n89,50 \u20ac/100 ml  Naturparf\u00fcm 05459163 10 ml 8,95 \u20ac\n95,00 \u20ac/100 ml  Naturparf\u00fcm Roll\u00adon 11303399 10 ml 9,50 \u20ac\nAprikosenkern\u00f6l\n15,90 \u20ac/100 ml    07309982 50 ml  7,95 \u20ac\nArgan\u00f6l\n19,90 \u20ac/100 ml    10047563  50 ml 9,95 \u20ac\n15,98 \u20ac/100 ml    16230802  250 ml 39,95 \u20ac\n11,99 \u20ac/100 ml    16084536  500 ml 59,95 \u20ac\nArnika in Oliven\u00f6l\n13,90 \u20ac/100 ml    06941146  50 ml  6,95 \u20acA\nAllg\u00e4uer Atem\u00f6l f\u00fcr Erwachsene  \u2022  krautig-frisch\neine wohltuende Hautpflege f\u00fcr den R\u00fccken, regt zum tiefen Durchatmen an\nJojobawachs, Ravintsara, Cajeput, Zirbelkiefer, Alant\n49,50 \u20ac/100 ml    11678254 10 ml 4,95 \u20ac\n23,00 \u20ac/100 ml    11678260 50 ml 11,50 \u20ac\nAllg\u00e4uer Atem\u00f6l f\u00fcr Kinder  \u2022  krautig-frisch\neine wohltuende Hautpflege f\u00fcr den R\u00fccken, regt zum tiefen Durchatmen an\nJojobawachs, Ravintsara, Cajeput, Zirbelkiefer, Alant\n45,00 \u20ac/100 ml   11678225 10 ml 4,50 \u20ac\n21,90 \u20ac/100 ml   11678248 50 ml 10,95 \u20ac\nAllg\u00e4uer \u00adF\u00f6hn\u00ad\u00d6l  \u2022  krautig, minzig, w\u00fcrzig\nbei Wetterf\u00fchligkeit punktuell auftragen auf Schl\u00e4fe oder Nacken\nJojobawachs, Sesam\u00f6l, Lavendel, Pfefferminze, Myrte\n90,00 \u20ac/100 ml    Naturparf\u00fcm 02201180 5 ml 4,50 \u20ac\n31,67 \u20ac/100 ml    Naturparf\u00fcm 04013525 30 ml 9,50 \u20ac\n75,00 \u20ac/100 ml    Naturparf\u00fcm Roll\u00adon 11657950 10 ml 7,50 \u20ac\nAllg\u00e4uer \u00ad\u00d6l  \u2022  intensiv krautig\nleicht k\u00fchlend und beruhigend als Massage\u00f6l bei verspannter Muskulatur\nJojobawachs, Johanniskraut in Oliven-, Sesam\u00f6l, Cajeput, Lavendel, Calophyllum, \nLatschenkiefer, Wei\u00dftanne, Immortelle\n39,50 \u20ac/100 ml    00170854 10 ml 3,95 \u20ac\n21,90 \u20ac/100 ml    04013531 50 ml 10,95 \u20ac\n17,50 \u20ac/100 ml    04013548 100 ml 17,50 \u20ac\nAloe\u00adVera in Mandel\u00f6l\n13,00 \u20ac/100 ml    07309864 50 ml 6,50 \u20acA \u2013 Z\n bei hom\u00f6opathischer Behandlung nicht anwenden\n bei Hypertonie und Epilepsie nur unter R\u00fccksprache anwenden\n nicht bei intensiver Sonneneinstrahlung anwenden\n nicht in der Schwangerschaft; nicht als Badezusatz verwenden\n kann helle W\u00e4sche f\u00e4rbenBitte beachten Sie die Symbolzeichen:\n bew\u00e4hrt in der Hebammenhilfe, ggf. R\u00fccksprache halten\n bew\u00e4hrt in der Alten \u00ad und Krankenpflege\n  f\u00fcr S\u00e4uglinge bis 6 Monate \u00e4u\u00dferst sparsam anwenden \noder verd\u00fcnnen\nOriginal-Stadelmann\u00ae-\nAromamisc hung enC 23 22 Original-Stadelmann\u00a9-Aromamischungen  \u2013 BBart\u00f6l Myrte  \u2022  herb-krautig   \nf\u00fcr die regelm\u00e4\u00dfige Bartpflege \nMandel-, Aloe-Vera in Mandel\u00f6l, Myrte, Atlaszeder, Vetiver \n39,75 \u20ac/100 ml   16907618 20 ml 7,95 \u20ac\nBart\u00f6l Zypresse  \u2022  holzig, krautig, herb   \nf\u00fcr die regelm\u00e4\u00dfige Bartpflege\nMandel-, Aloe-Vera in Mandel\u00f6l, Zypresse, Zitrone, Atlaszeder, Vetiver\n39,75 \u20ac/100 ml   16907624 20 ml 7,95 \u20ac\nBeinwellsalbe  \u2022  balsamisch; enth\u00e4lt keine \u00e4therischen \u00d6le\nbew\u00e4hrt im Wochenbett oder zur Pflege wunder, irritierter Hautstellen \nvom Baby bis ins hohe Alter\nRingelblumen in Mandel-, Johanniskraut in Oliven\u00f6l, Wollwachs, Beinwelltinktur*, \nBienenwachs, Sheabutter / *frei von Pyrrolizidinalkaloiden\n72,22 \u20ac/100 ml     01911241 9 ml 6,50 \u20ac\n56,67 \u20ac/100 ml     04014252 15 ml 8,50 \u20ac\n27,90 \u20ac/100 ml    NEU  Airless 17592447  50 ml 13,95 \u20ac\n14,63 \u20ac/100 ml    NEU  Airless 17592453 150 ml 21,95 \u20ac\nBergamotte \u00adNeroli  \u2022  fruchtig-frisch, leicht blumig\nein Duft f\u00fcr alle Altersgruppen, der Sonne ins Herz bringt\nBergamotte, Grapefruit, Neroli\n219,00 \u20ac/100 ml   Duft\u00f6l 11287364 5 ml 10,95 \u20ac\n149,75 \u20ac/100 ml     Duft\u00f6l 16014665 20 ml 29,95 \u20ac\nsiehe Seite 41 Raumduft Bergamotte \u00adNeroli\nBruno\u2019s Babymassage\u00f6l  \u2022  fruchtig, krautig\nf\u00fcr die harmonische Babymassage\nJohanniskraut in Oliven-, Ringelblumen in Mandel-, Sonnenblumen\u00f6l, Mandarine, \nLavendel\n26,50 \u20ac/100 ml   01749591 30 ml 7,95 \u20ac\n15,95 \u20ac/100 ml   14266865 100 ml 15,95 \u20ac\nBrustmassage\u00f6l  \u2022  frisch-grasig, herb-krautig   \nzur Festigung und Formgebung, erst nach dem Abstillen; als Bauch\u00f6l zur  \nkosmetischen Behandlung von Schwangerschaftsstreifen; f\u00fcr die Wechseljahre\nMandel-, Weizenkeim\u00f6l, Jojobawachs, Nachtkerzen-, Sesam\u00f6l, Rosengeranie, \nGrapefruit, Myrte, Palmarosa, Angelikawurzel\n45,00 \u20ac/100 ml    00173462 10 ml 4,50 \u20ac\n23,80 \u20ac/100 ml    01749616 50 ml 11,90 \u20ac\nBrustpflegecreme  \u2022  balsamisch; enth\u00e4lt keine \u00e4therischen \u00d6le  \nzur regelm\u00e4\u00dfigen Pflege der Brustwarzen in der Stillzeit\nAloe-Vera in Mandel\u00f6l, Jojoba-, Bienenwachs, Sheabutter, Melissenhydrolat, \nSesam  \u00f6l, Rosenhydrolat\n88,33 \u20ac/100 ml    06764715 9 ml 7,95 \u20ac\nsiehe Seite 38 MelissenbalsamB\nBabybad  \u2022  zart-rosig, vanillig\nentspannend und ausgleichend; ideal in Kombination mit unseren Baby\u00f6len; \nauch f\u00fcr Erwachsene ein Genuss\nMeersalz, Jojobawachs, Mandarine, Vanille, Sandelholz, Rose\n6,95 \u20ac/100 ml  Badesalz 00170860 100 ml 6,95 \u20ac\n5,00 \u20ac/100 ml  Badesalz 04013560 250 ml 12,50 \u20ac\nsiehe Seite 26 Dusch & Shampoo Baby & Kind\nBaby\u00f6l angegriffene Haut  \u2022  leicht herb, krautig\nein K\u00f6rper\u00f6l f\u00fcr die gereizte und irritierte Haut; in anstrengenden  \nLebens  situationen eine Wohltat auch f\u00fcr Erwachsene\nRingelblumen in Mandel-, Sonnenblumen-, Nachtkerzen\u00f6l, Rose, Kamille r\u00f6m.\n35,00 \u20ac/100 ml    00170877 10 ml 3,50 \u20ac\n17,00 \u20ac/100 ml    01749510 50 ml 8,50 \u20ac\n13,50 \u20ac/100 ml    01749527 100 ml 13,50 \u20ac\nBaby\u00f6l empfindliche Haut  \u2022  zart-rosig\nnicht nur Babys lieben Rosenduft; zur t\u00e4glichen Ganzk\u00f6rperpflege und \n Massage; f\u00fcr \u00e4ltere und pflegebed\u00fcrftige Menschen\nMandel-, Aprikosenkern\u00f6l, Jojobawachs, Nachtkerzen-, Sesam\u00f6l, Rose\n35,00 \u20ac/100 ml    00171463 10 ml 3,50 \u20ac\n19,90 \u20ac/100 ml    01749533 50 ml 9,95 \u20ac\n14,95 \u20ac/100 ml    01749556 100 ml 14,95 \u20ac\nBaby\u00f6l pflegend  \u2022  s\u00fc\u00df, vanillig\nauch gr\u00f6\u00dfere Kinder lieben eine Massage; f\u00fcr die Ganzk\u00f6rperpflege und \nMassage, wenn es ein s\u00fc\u00dfer Duft sein darf\nJojobawachs, Ringelblumen in Mandel-, Nachtkerzen-, Sesam\u00f6l, Honigwabe, Vanille\n35,00 \u20ac/100 ml    00171517 10 ml 3,50 \u20ac\n21,90 \u20ac/100 ml    01749562 50 ml 10,95 \u20ac\n15,95 \u20ac/100 ml    01749579 100 ml 15,95 \u20ac\nBaby\u00ad Pflegecreme  \u2022  zart-rosig  \nzur Pflege empfindlicher Babyhaut\nAloe-Vera in Mandel\u00f6l, Jojobawachs, Bienenwachs, Sheabutter, Wollwachs,  \nRosenhydrolat, Sesam\u00f6l, Rose\n53,00 \u20ac/100 ml    04013608 15 ml 7,95 \u20ac\n22,14 \u20ac/100 ml    06940709 70 ml 15,50 \u20ac\nBaobab\u00f6l\n15,90 \u20ac/100 ml   10047586 50 ml 7,95 \u20ac\n11,98 \u20ac/100 ml   16084631 250 ml 29,95 \u20ac\n9,93 \u20ac/100 ml   16260051 500 ml 46,95 \u20acCistrosen\u00f6l f\u00fcr Erwachsene  \u2022  herb\nNachtkerzen-, Baobab\u00f6l, Lavendel, Immortelle, Cistrose, Manuka\n45,00 \u20ac/100 ml   04998538 10 ml 4,50 \u20ac\n27,90 \u20ac/100 ml   01749680 50 ml 13,95 \u20ac\n21,95 \u20ac/100 ml   04014312 100 ml 21,95 \u20ac\nCistrosen\u00f6l f\u00fcr Kinder  \u2022  herb\nNachtkerzen-, Baobab\u00f6l, Lavendel, Immortelle, Cistrose, Manuka\n39,50 \u20ac/100 ml   04998521 10 ml 3,95 \u20ac\n21,00 \u20ac/100 ml   01749697 50 ml 10,50 \u20ac\n15,95 \u20ac/100 ml   04014335 100 ml 15,95 \u20acC\nCalophyllum \u00adinophyllum \u00ad\u00d6l\n44,75 \u20ac/100 ml    03332843 20 ml 8,95 \u20ac\nCellulite-Bad  \u2022  aromatisch, holzig\nentschlackend, durchblutungsf\u00f6rdernd; nicht geeignet f\u00fcr Zitrusallergiker\nBadesalz:  Meersalz, Jojobawachs; Wacholderbeere, Zypresse, Orange, Zitrone\n\u00d6lbad:  neutrale Grundlage, Sesam\u00f6l; Wacholderbeere, Zypresse, Orange, Zitrone\n7,95 \u20ac/100 ml   Badesalz  00173479 100 ml 7,95 \u20ac\n5,18 \u20ac/100 ml   Badesalz  01749639 250 ml 12,95 \u20ac\n9,50 \u20ac/100 ml    \u00d6lbad  13721356 100 ml 9,50 \u20ac\n5,32 \u20ac/100 ml    \u00d6lbad  14416833 300 ml 15,95 \u20ac\nCellulite \u00ad\u00d6l  \u2022  frisch, holzig  \nintensiv einmassieren, eventuell als Kompresse\nAloe-Vera in Mandel-, Weizenkeim-, Nachtkerzen\u00f6l, Orange, Palmarosa,  \nEfeuextrakt, Zypresse\n35,00 \u20ac/100 ml   00173485 10 ml 3,50 \u20ac\n12,95 \u20ac/100 ml   01749645 100 ml 12,95 \u20ac\nCistrosenbad  \u2022  krautig, herb\nMeersalz, Jojobawachs, Lavendel, Immortelle, Cistrose, Neroli\n7,95 \u20ac/100 ml   Badesalz  00173491 100 ml 7,95 \u20ac\n5,18 \u20ac/100 ml   Badesalz  01749651 250 ml 12,95 \u20ac\nsiehe Seite 24 Dusch & \u00d6lbad Cistrose\nCistrosencreme  \u2022  krautig, herb\nf\u00fcr Kinder und Erwachsene, alternativ oder im Wechsel mit Cistrosen\u00f6l\nWollwachs, Rosenhydrolat, Nachtkerzen-, Baobab\u00f6l, Immortelle, Lavendel, Meer -\nsalz, Cistrose, Manuka\n66,11 \u20ac/100 ml    01911287 9 ml 5,95 \u20ac\n27,90 \u20ac/100 ml   NEU  Airless 17592476   50 ml 13,95 \u20ac\n16,63 \u20ac/100 ml   NEU  Airless 17592507   150 ml 24,95 \u20ac\nCistrosen-Mischungen mit Immortelle\nCremes und K\u00f6rper\u00f6le auf Nachtkerzen\u00f6l \u00adBasis eignen sich zur Pflege \nvon ger\u00f6teter, empfindlicher und neurodermitischer Haut, sie wirken ent -\nspannend, kl\u00e4rend und beruhigend. Die Haut immer erst mit  Immortellen-,  \nMelissen \u00ad, Rosen \u00ad oder Weihrauchhydrolat befeuchten.\nCistrose aus Spanien\nSie haben Fragen zu unseren Produkten?\nWir beraten Sie gerne \u2013 pers\u00f6nlich, individuell \nund fachlich kompetent. \nUnsere Aromaexpertinnen und pharmazeutisch-technischen  \nAssistentinnen freuen sich auf Ihren Anruf: 00 49 (0)8 31 \u2013 5 22 66 11  \noder info@bahnhof-apotheke.de\nMontag \u2013 Freitag: 8.00 \u2013 19.00 Uhr  \nSamstag:  9.00 \u2013 18.00 UhrUnsere Aromamischungen sind frei von Konservierungsstoffen. Um eine \neinwandfreie Qualit\u00e4t zu garantieren, empfehlen wir bei Aromamischungen in \nT uben bei l\u00e4ngerer Nichtverwendung einen Zentimeter Salbe zu entfernen. D 25 24 Original-Stadelmann\u00ae-Aromamischungen \u2013 DDusch & \u00d6lbad \u2013 Dusch & Shampoo\n\u2022 Dusch & Shampoo  \u2013 unsere 3-in- 1-Produkte sorgen f\u00fcr ein duftig-\nangenehmes, haut- und haarvertr\u00e4gliches Dusch-, Haarwasch- und Ba -\ndeerlebnis.\n\u2022 Dusch & \u00d6lbad eignet sich, wenn Sie eine r\u00fcckfettende Dusch- und \nBadepflege w\u00fcnschen. Das enthaltene hochwertige Sesam\u00f6l sorgt nach \ndem Baden oder Duschen f\u00fcr eine geschmeidige und samtweiche Haut. \nSehr trockenes Haar wird gl\u00e4nzend, seidig weich und gut frisierbar. F\u00fcr \ndie Tage nach der Haarw\u00e4sche empfehlen wir unser Haarbalsam, um \ntrockenes Haar zu b\u00e4ndigen. \n\u2022 Im Anschluss an die Dusche oder ein Bad dankt es Ihre Haut, wenn Sie \nsie mit einem K\u00f6rper\u00f6l oder einer K\u00f6rperemulsion der Original-\nStadelmann\u00ae-Aromamischungen  verw\u00f6hnen. Dies ist auch bei Verwen -\ndung eines Dusch & \u00d6lbades bei trockener oder besonders pflegebe -\nd\u00fcrftiger Haut sinnvoll. \n\u2022 Ob Dusch & \u00d6lbad oder Dusch & Shampoo: die Produkte in der Spen -\nderflasche eignen sich gut als fl\u00fcssige Handseife.\nDusch & \u00d6lbad Baby & Kind  \u2022  zart-samtig\nauch f\u00fcr Erwachsene und Pflegebed\u00fcrftige\nneutrale Grundlage, Sesam\u00f6l, Mandarine, Vanille, Sandelholz, Rose\n6,95 \u20ac/100 ml   13717165 100 ml 6,95 \u20ac\n4,65 \u20ac/100 ml   14416520 300 ml 13,95 \u20ac\n3,79 \u20ac/100 ml   13717188 500 ml 18,95 \u20ac\n2,80 \u20ac/100 ml  Nachf\u00fcllflasche 16260045 1000 ml 27,95 \u20ac\nDusch & \u00d6lbad blumig  \u2022  intensiv blumig, mit Mandelnote\nein sinnlicher Genuss f\u00fcr Erwachsene\nneutrale Grundlage, Sesam\u00f6l, Sandelholz, Ylang-Ylang, Jasmin, Tonkabohne, Rose \n8,95 \u20ac/100 ml     13718012 100 ml 8,95 \u20ac\n5,32 \u20ac/100 ml     14416537 300 ml 15,95 \u20ac\n4,59 \u20ac/100 ml     13718035 500 ml 22,95 \u20ac\nDusch & \u00d6lbad Cistrose  \u2022  krautig, herb \nzur Pflege von ger\u00f6teter, empfindlicher Haut\nneutrale Grundlage, Sesam\u00f6l, Lavendel, Immortelle, Cistrose, Neroli\n7,50 \u20ac/100 ml     13717231 100 ml 7,50 \u20ac\n4,50 \u20ac/100 ml     14416543 300 ml 13,50 \u20ac\n3,99 \u20ac/100 ml     13717260 500 ml 19,95 \u20ac\nDusch & \u00d6lbad entspannend  \u2022  krautig, blumig \nbei Alltagsstress und Unruhe; rund um Schwangerschaft und Geburt bew\u00e4hrt\nneutrale Grundlage, Sesam\u00f6l, Kamille r\u00f6m., Lavendel, Mandarine, Rosengeranie,  \nAtlaszeder, Sandelholz\n7,50 \u20ac/100 ml      13717610 100 ml 7,50 \u20ac\n4,50 \u20ac/100 ml      14416566 300 ml 13,50 \u20ac\n3,99 \u20ac/100 ml      13717633 500 ml 19,95 \u20ac Citronella-Kokos-Hautbalsam  \u2022  typisch Kokos mit zitroniger Frische \nangenehme Hautpflege f\u00fcr Kokosliebhaber/innen; zum Schutz der Haut,  \num Irritationen durch Stiche zu vermeiden\nKokos\u00f6l, Bienenwachs, Litsea, Palmarosa, Citronella\n36,50 \u20ac/100 ml   12471118 30 ml 10,95 \u20ac\n19,93 \u20ac/100 ml   13724946 70 ml 13,95 \u20ac \nCitronella-Rosengeranie  \u2022  frisch, stark krautig, grasig\nzum Schutz der Haut, um Irritationen durch Stiche zu vermeiden (nicht im \nAugenbereich anwenden!)\nDuft\u00f6l:  Citronella, Eukalyptus citriodora, Lemongras, Rosengeranie, Virginiazeder  \nNaturparf\u00fcm:  Jojobawachs, Citronella, Lemongras, Rosengeranie, Virginiazeder\nPumpspray Sch\u00fcttel \u00adEmulsion:  Aloe-Vera in Raps\u00f6l, Melissen-, Rosenhydrolat,  \nCitronella, Rosengeranie, Lemongras, Virginiazeder, Eukalyptus citriodora\nRaumspray: Citronella, Eukalyptus citriodora, Lavendel, Lemongras, Rosengera -\nnie, Virginiazeder, Melissen-, Rosenhydrolat, Ethanol\n179,00 \u20ac/100 ml    Duft\u00f6l 16014760 5 ml 8,95 \u20ac\n124,75 \u20ac/100 ml    Duft\u00f6l 16014777 20 ml 24,95 \u20ac\n75,00 \u20ac/100 ml  Naturparf\u00fcm 06941152 10 ml 7,50 \u20ac\n79,50 \u20ac/100 ml  Naturparf\u00fcm Roll\u00adon 11303407 10 ml 7,95 \u20ac\n19,90 \u20ac/100 ml  Pumpspray Sch\u00fcttel\u00adEmulsion  06940738 50 ml 9,95 \u20ac\n21,90 \u20ac/100 ml  Raumspray 10743073 50 ml 10,95 \u20ac\nsiehe Seite 55 Duftkerzen \nWeitere hilfreiche Mittel siehe Seite 17 unter der Rubrik Insektenzeit\nD\nDammmassage\u00f6l  \u2022  zart-blumig   \nzur Dammvorbereitung, zum Dammschutz, zur Pflege des Damms nach  \nder Geburt\nJohanniskraut in Oliven-, Weizenkeim-, Nachtkerzen,- Hanf\u00f6l, Rose, Muskatellersalbei\n79,00 \u20ac/100 ml    02201381 5 ml 3,95 \u20ac\n42,50 \u20ac/100 ml    01749705 20 ml 8,50 \u20ac\n25,50 \u20ac/100 ml   Klinikpackung  01749711 200 ml 51,00 \u20acDusch & \u00d6lbad w\u00e4rmend  \u2022  s\u00fc\u00df, intensiv krautig \nErholung f\u00fcr \u00fcberstrapazierte Muskulatur; nach dem Sport oder  \nk\u00f6rperlicher Anstrengung \nneutrale Grundlage, Sesam\u00f6l, Pfeffer, Cajeput, Wintergr\u00fcn, Nelkenknospe,  \nKardamom, Zimtrinde, Ho-Sho, Rosenholz\n7,50\u20ac/100 ml   14334609 100 ml 7,50 \u20ac\n4,32 \u20ac/100 ml   14334615 300 ml 12,95 \u20ac\n3,99 \u20ac/100 ml   14334420 500 ml 19,95 \u20ac\nDusch & Shampoo anregend  \u2022  intensiv krautig\nentschlackend und wohltuend; auch bei dicken Beinen\nneutrale Grundlage, Jojobawachs, Rosmarin, Sesam\u00f6l, Limette, Angelikawurzel, \nWacholderbeere\n7,50 \u20ac/100 ml     13717840 100 ml 7,50 \u20ac\n4,32 \u20ac/100 ml     14416649 300 ml 12,95 \u20ac\n3,99 \u20ac/100 ml     13717863 500 ml 19,95 \u20ac\nsiehe Seite 30 Hallo-Wach-Bad (Badesalz)Dusch & \u00d6lbad Familie  \u2022  einh\u00fcllend, krautig, samtig \nzum Entspannen und Verw\u00f6hnen\nneutrale Grundlage, Sesam\u00f6l, Vanille, Tonkabohne, Kamille r\u00f6m.\n7,50 \u20ac/100 ml   13717685 100 ml 7,50 \u20ac\n4,50 \u20ac/100 ml   14416572 300 ml 13,50 \u20ac\n3,99 \u20ac/100 ml   13717716 500 ml 19,95 \u20ac\nDusch & \u00d6lbad Grapefruit  \u2022  fruchtig-frisch\nerfrischend, belebend\nneutrale Grundlage, Sesam\u00f6l, Grapefruit, Litsea, Douglasfichte, Limette\n7,95 \u20ac/100 ml   13717320 100 ml 7,95 \u20ac\n4,32 \u20ac/100 ml   14416589 300 ml 12,95 \u20ac\n3,99 \u20ac/100 ml   13717343 500 ml 19,95 \u20ac\nDusch & \u00d6lbad Lavendel \u00adZitrone  \u2022  krautig-lavendelig \nberuhigend und leicht erfrischend; unterst\u00fctzend und wohltuend bei Fieber;  \nals Zusatz f\u00fcr k\u00fchlende Wickel und ins Waschwasser f\u00fcr Kranke und Bettl\u00e4gerige\nneutrale Grundlage, Sesam\u00f6l, Lavendel, Zitrone, Ravintsara\n7,50 \u20ac/100 ml    13717722 100 ml 7,50 \u20ac\n4,32 \u20ac/100 ml    14416595 300 ml 12,95 \u20ac\n3,79 \u20ac/100 ml   13717745 500 ml 18,95 \u20ac\nDusch & \u00d6lbad Rose  \u2022  rosig, blumig\nsinnlich ausgleichend; f\u00fcr Rosenduftfans\nneutrale Grundlage, Sesam\u00f6l, Rosengeranie, Rose\n8,50 \u20ac/100 ml   13717751 100 ml 8,50 \u20ac\n5,65 \u20ac/100 ml   14416603 300 ml 16,95 \u20ac\n4,99 \u20ac/100 ml   13717774 500 ml 24,95 \u20ac\nDusch & \u00d6lbad sinnlich  \u2022  weiblich, s\u00fc\u00df\nsinnlich und entspannend\nneutrale Grundlage, Sesam\u00f6l, Grapefruit, Mandarine, Ho-Sho, Rosenholz, Ylang-\nYlang, Rose, Jasmin, Sandelholz, Benzoe Siam\n7,55 \u20ac/100 ml    13717538 100 ml 7,55 \u20ac\n4,65 \u20ac/100 ml    14416626 300 ml 13,95 \u20ac\n3,99 \u20ac/100 ml    13717567 500 ml 19,95 \u20ac\nDusch & \u00d6lbad Thymian \u00adMyrte  \u2022  intensiv krautig \nwohltuend in der Erk\u00e4ltungszeit\nneutrale Grundlage, Sesam\u00f6l, Myrte, Salbei, Ysop, Zirbelkiefer, Thymian\n7,50 \u20ac/100 ml     13717952 100 ml 7,50 \u20ac\n4,32 \u20ac/100 ml     14416632 300 ml 12,95 \u20ac\n3,99 \u20ac/100 ml     13717975 500 ml 19,95 \u20ac\n2,90 \u20ac/100 ml    Nachf\u00fcllflasche  16323538 1000 ml 28,95 \u20ac\nWenn Sie lieber Seifen verwenden, Pflanzen\u00f6lseifen siehe Seite 56.\n\u00a9 Rose Office\nWasserdampfdestillation von Rosenbl\u00fcten in Afghanistan\nIdealerweise benutzen Sie Aromamischungen, die Kokos\u00f6l  enthalten, im -\nmer bei Raumtemperatur. War die Mischung k\u00fchl gelagert, erh\u00e4lt sie in \nZimmerw\u00e4rme schnell ihre geschmeidige Konsistenz zur\u00fcck.\nMelden Sie sich jetzt an! \nAbonnieren Sie unseren Newsletter  mit aktuellen Informationen zu\n\u2022 neuen Original-Stadelmann\u00ae-Aromamischungen\n\u2022 besonderen Aktionen\n\u2022 Neuigkeiten aus der Apotheke\n\u2022 Geschenktipps, ...26 Original-Stadelmann\u00ae-Aromamischungen \u2013 D D \u2022 E 27Dusch & Shampoo Rose  \u2022  rosig, blumig\nsinnlich ausgleichend; f\u00fcr Rosenduftfans\nneutrale Grundlage, Jojobawachs, Sesam\u00f6l, Rosengeranie, Rose\n8,50 \u20ac/100 ml   13717805 100 ml 8,50 \u20ac\n5,65 \u20ac/100 ml   14416721 300 ml 16,95 \u20ac\n4,99 \u20ac/100 ml   13717828 500 ml 24,95 \u20ac\nDusch & Shampoo Sandelholz  \u2022  krautig, balsamisch\nwohltuend, entspannend; zur Pflege nach Verk\u00fchlungen oder Sitzen auf  \nkalten Fl\u00e4chen\nneutrale Grundlage, Jojobawachs, Sesam\u00f6l, Lavendel, Sandelholz, Bergamotte, \nRose, Schafgarbe\n7,95 \u20ac/100 ml     13717886 100 ml 7,95 \u20ac\n4,32 \u20ac/100 ml     14416738 300 ml 12,95 \u20ac\n3,99 \u20ac/100 ml     13717900 500 ml 19,95 \u20ac\nDusch & Shampoo sinnlich  \u2022  weiblich, s\u00fc\u00df\nsinnlich und entspannend\nneutrale Grundlage, Jojobawachs, Sesam\u00f6l, Grapefruit, Mandarine, Ho-Sho,  \nRosenholz, Ylang-Ylang, Rose, Jasmin, Sandelholz, Benzoe Siam\n7,50 \u20ac/100 ml    13717573 100 ml 7,50 \u20ac\n4,32 \u20ac/100 ml    14416744 300 ml 12,95 \u20ac\n3,79 \u20ac/100 ml    13717604 500 ml 18,95 \u20ac\nDusch & Shampoo Teebaum  \u2022  intensiv krautig\nreinigend und kl\u00e4rend; ideal zur Tierpflege\nneutrale Grundlage, Jojobawachs, Lavendel, Rosengeranie, Teebaum, Sesam\u00f6l, \n Manuka\n7,50 \u20ac/100 ml    13717917 100 ml 7,50 \u20ac\n4,32 \u20ac/100 ml    14416773 300 ml 12,95 \u20ac\n3,79 \u20ac/100 ml    13717946 500 ml 18,95 \u20ac\nDusch & Shampoo Thymian \u00adMyrte  \u2022  intensiv krautig\nwohltuend und beruhigend; besonders in der Erk\u00e4ltungszeit auch als  \nHandseife verwendbar\nneutrale Grundlage, Jojobawachs, Myrte, Salbei, Ysop, Zirbelkiefer, Sesam\u00f6l,  \nThymian\n6,95 \u20ac/100 ml     13717981 100 ml 6,95 \u20ac\n4,32 \u20ac/100 ml     14416796 300 ml 12,95 \u20ac\n3,99 \u20ac/100 ml     13718006 500 ml 19,95 \u20ac\nsiehe Seite 47 Vorfreude Dusch & Shampoo \n \n \n \n \n \n Dusch & Shampoo Baby & Kind  \u2022  zart-samtig\nauch f\u00fcr Erwachsene und Pflegebed\u00fcrftige\nneutrale Grundlage, Jojobawachs, Sesam\u00f6l, Mandarine, Vanille, Sandelholz, Rose\n6,95 \u20ac/100 ml   13717194 100 ml 6,95 \u20ac\n3,98 \u20ac/100 ml   14416655 300 ml 11,95 \u20ac\n3,79 \u20ac/100 ml   13717219 500 ml 18,95 \u20ac\n2,80 \u20ac/100 ml  Nachf\u00fcllflasche  16260111 1000 ml 27,95 \u20ac\nDusch & Shampoo Cistrose  \u2022  krautig, herb\nzur Pflege von ger\u00f6teter, empfindlicher Haut\nneutrale Grundlage, Jojobawachs, Sesam\u00f6l, Lavendel, Immortelle, Cistrose, Neroli\n7,50 \u20ac/100 ml     13717277 100 ml 7,50 \u20ac\n4,32 \u20ac/100 ml     14416678 300 ml 12,95 \u20ac\n3,79 \u20ac/100 ml     13717314 500 ml 18,95 \u20ac\nDusch & Shampoo entspannend  \u2022  krautig, blumig\nbei Alltagsstress und Unruhe; rund um Schwangerschaft und Geburt bew\u00e4hrt\nneutrale Grundlage, Jojobawachs, Sesam\u00f6l, Kamille r\u00f6m., Lavendel, Mandarine, \nRosengeranie, Atlaszeder, Sandelholz\n7,50 \u20ac/100 ml      13717656 100 ml 7,50 \u20ac\n4,32 \u20ac/100 ml      14416684 300 ml 12,95 \u20ac\n3,99 \u20ac/100 ml      13717679 500 ml 19,95 \u20ac\nDusch & Shampoo Grapefruit  \u2022  fruchtig-frisch\nerfrischend, belebend\nneutrale Grundlage, Jojobawachs, Grapefruit, Sesam\u00f6l, Litsea, Douglasfichte, Limette\n7,95 \u20ac/100 ml   13717366 100 ml 7,95 \u20ac\n4,32 \u20ac/100 ml   14416690 300 ml 12,95 \u20ac\n3,99 \u20ac/100 ml   13717389 500 ml 19,95 \u20ac\n2,90 \u20ac/100 ml  Nachf\u00fcllflasche  16260128 1000 ml 28,95 \u20ac\nDusch & Shampoo Litsea  \u2022  grasig-fruchtig\nerfrischend und pflegend\nneutrale Grundlage, Jojobawachs, Sesam\u00f6l, Sandelholz, Orange, Citronella, Atlas -\nzeder, Litsea\n7,95 \u20ac/100 ml   13717432 100 ml 7,95 \u20ac\n4,65 \u20ac/100 ml   14416709 300 ml 13,95 \u20ac\n3,99 \u20ac/100 ml   13717455 500 ml 19,95 \u20ac\nDusch & Shampoo Palmarosa  \u2022  grasig-frisch \nerfrischend, ausgleichend\nneutrale Grundlage, Jojobawachs, Palmarosa, Sesam\u00f6l, Sandelholz, Atlaszeder, \nOrange\n7,95 \u20ac/100 ml   13717509 100 ml 7,95 \u20ac\n4,65 \u20ac/100 ml   14416715 300 ml 13,95 \u20ac\n3,99 \u20ac/100 ml   13717521 500 ml 19,95 \u20ac \nErk\u00e4ltungs\u00f6l befreiend  \u2022  intensiv, frisch\nf\u00fcr Jugendliche und Erwachsene\nDuft\u00f6l: Alant, Myrte, Niaouli, Salbei, Thymian, Ysop, Zirbelkiefer  \nRaumspray:  Myrten-, Rosenhydrolat, Ethanol, Lavendel; Alant, Myrte, Niaouli, \nSalbei, Thy mian, Ysop, Zirbelkiefer\n179,00 \u20ac/100 ml  Duft\u00f6l 01749786 5 ml 8,95 \u20ac\n19,90 \u20ac/100 ml  Raumspray 10743127 50 ml 9,95 \u20ac\nErk\u00e4ltungs\u00f6l w\u00e4rmend  \u2022  balsamisch, w\u00e4rmend\nf\u00fcr S\u00e4uglinge und Schwangere\nDuft\u00f6l: Benzoe Siam, Ho-Sho, Lavendelsalbei, Melisse, Ravintsara, Salbei, Thymian  \nRaumspray:  Myrten-, Rosenhydrolat, Ethanol; Benzoe Siam, Ho-Sho, Lavendel,  \nLavendelsalbei, Melisse, Ravintsara, Salbei, Thymian\n159,00 \u20ac/100 ml    Duft\u00f6l  01749792 5 ml 7,95 \u20ac\n21,00 \u20ac/100 ml    Raumspray  10743156 50 ml 10,50 \u20acDusch-& Shampoo Waldfrische  \u2022  klar-frisch  NEU  \nerfrischend und atemanregend, wie ein Spaziergang im Wald\nneutrale Grundlage, Jojobawachs, Sesam\u00f6l, Fichtennadel, Douglasfichte, \nWei\u00dftanne, Zirbelkiefer, Sandelholz, Atlaszeder\n7,50 \u20ac/100 ml    17592513  100 ml 7,50 \u20ac\n4,32 \u20ac/100 ml   17592542  300 ml 12,95 \u20ac\n3,99 \u20ac/100 ml   17592559  500 ml 19,95 \u20ac\nDusch & Shampoo Zeder  \u2022  holzig, frisch \nbei empfindlicher Kopfhaut; ideale Erg\u00e4nzung zum Zeder \u00adHaar\u00f6l s. Seite 49\nneutrale Grundlage, Jojobawachs, Lavendel, Rosmarin, Sesam\u00f6l, Palmarosa, Atlaszeder\n6,95 \u20ac/100 ml    13718041 100 ml 6,95 \u20ac\n4,32 \u20ac/100 ml    14416810 300 ml 12,95 \u20ac\n3,79 \u20ac/100 ml    13718064 500 ml 18,95 \u20ac\nE\nEisenkraut 10 %  \u2022  zitronenartig, fein-krautig\nJojobawachs, Eisenkraut Anden\n105,00 \u20ac/100 ml   04014737 10 ml 10,50 \u20ac\nEngelwurzbalsam  \u2022  intensiv krautig, erdig\npflegend bei empfindlicher Schnupfnase; Nasenfl\u00fcgel au\u00dfen einreiben\nWollwachs, Johanniskraut in Oliven\u00f6l, Bienenwachs, Angelikawurzel, Majoran, Thymian\n66,11 \u20ac/100 ml     01911318 9 ml 5,95 \u20ac\n56,67 \u20ac/100 ml     01749734 15 ml 8,50 \u20ac\nEntspannungsbad  \u2022  krautig, blumig\nbei Alltagsstress und Unruhe; vor und w\u00e4hrend der Geburt\nMeersalz, Jojobawachs, Kamille r\u00f6m., Lavendel, Mandarine, Rosengeranie,  \nAtlaszeder, Sandelholz\n7,50 \u20ac/100 ml    Badesalz  00180769 100 ml 7,50 \u20ac\n5,40 \u20ac/100 ml    Badesalz  01749763 250 ml 13,50 \u20ac\n\u00d6lbad siehe Seite 24, Dusch & \u00d6lbad entspannend\nEntbindungsbad wird Geburtsbad siehe Seite 29.\nEntbindungsduft wird Geburtsduft siehe Seite 29. \n\u00a9 naturamus\nSchafe aus Argentinien liefern Wollwachs\nWechseln Sie bei der Hautpflege \u00f6fter mal Ihre Aromamischung oder das \nHydrolat, damit Ihre Haut immer wieder neue zarte Duftreize erf\u00e4hrt und \naktiv bleibt.Unsere Aromamischungen sind naturbelassen, frei von  \nKonservierungsmitteln und synthetischen Zus\u00e4tzen.\nBitte achten Sie auf eine hygienische Entnahme, \ndies gelingt z.B. indem Sie\n\u2022 auf saubere H\u00e4nde achten,\n\u2022 das Ber\u00fchren des Flaschenhalses vermeiden,\n\u2022 bei den Kruken nur den kleinen wei\u00dfen Deckel \u00f6ffnen, \n\u2022 die Cremes mittels L\u00f6ffelstiel oder Spatel entnehmen.\nF \u2022 G 29 28 Original-Stadelmann\u00ae-Aromamischungen \u2013 FFenchel \u00adK\u00fcmmel \u00ad\u00d6l f\u00fcr Erwachsene  \u2022  w\u00fcrzig\nf\u00fcr eine wohltuende Bauchmassage im Uhrzeigersinn\nMandel-, Nachtkerzen\u00f6l, Anis, Fenchel, Koriander, Kreuzk\u00fcmmel, Liebst\u00f6ckel\n45,00 \u20ac/100 ml    00197563 10 ml 4,50 \u20ac\n19,90 \u20ac/100 ml    03848943 50 ml 9,95 \u20ac\n15,95 \u20ac/100 ml    03848966 100 ml 15,95 \u20ac\nFenchel \u00adK\u00fcmmel \u00ad\u00d6l f\u00fcr Kinder  \u2022  w\u00fcrzig\nf\u00fcr eine wohltuende Bauchmassage im Uhrzeigersinn\nMandel-, Nachtkerzen\u00f6l, Anis, Fenchel, Koriander, Kreuzk\u00fcmmel\n39,50 \u20ac/100 ml    00192318 10 ml 3,95 \u20ac\n17,90 \u20ac/100 ml    01749800 50 ml 8,95 \u20ac\n13,95 \u20ac/100 ml    02201576 100 ml 13,95 \u20ac\nFrauen \u00adGranatapfel\u00f6l  \u2022  zart-blumig, nussig\nwohltuend, pflegend bei trockenem Intimbereich;  \nideal in Kombination mit Rosenhydrolat\nGranatapfelsamen-, Nachtkerzen-, Sonnenblumen\u00f6l, Sandelholz, Rose, Kamille \nr\u00f6m., Ho-Sho, Rosenholz\n110,00 \u20ac/100 ml    09235816 5 ml 5,50 \u20ac\n59,75 \u20ac/100 ml    09235822 20 ml 11,95 \u20ac\nFr\u00fcchtekorb  \u2022  fruchtig-prickelnd\nHautspray:  Nerolihydrolat, Ethanol, Rosenhydrolat; Lavendel, Mandarine,  \nOrange, Grapefruit, Lemongras, Limette, Zitrone\n159,00 \u20ac/100 ml   Duft\u00f6l 04013666 5 ml 7,95 \u20ac\n19,00 \u20ac/100 ml   Hautspray 10743179 50 ml 9,50 \u20ac\nF\u00fcr Zwei  \u2022  blumig, sinnlich\neine sinnliche Verf\u00fchrung f\u00fcr Zwei\nNaturparf\u00fcm:  Jojobawachs; Rosengeranie, Sandelholz, Ingwer, Koriander,  \nMuskatellersalbei, Ylang-Ylang, Neroli, Jasmin \n330,00 \u20ac/100 ml  Duft\u00f6l  01913085 5 ml 16,50 \u20ac\n79,50 \u20ac/100 ml  Naturparf\u00fcm  01331822 10 ml 7,95 \u20ac\n85,00 \u20ac/100 ml  Naturparf\u00fcm Roll\u00adon  11303413 10 ml 8,50 \u20acF\nFamilienbad  \u2022  einh\u00fcllend, krautig, samtig\nzum Entspannen und Verw\u00f6hnen\nMeersalz, Jojobawachs, Vanille, Tonkabohne, Kamille r\u00f6m.\n7,50 \u20ac/100 ml  Badesalz 00183271 100 ml 7,50 \u20ac\n5,18 \u20ac/100 ml  Badesalz 04013778 250 ml 12,95 \u20ac\nsiehe Seite 25 Dusch & \u00d6lbad Familie\nFellpflege Kokoswachs  \u2022  typisch Kokos mit zartem Zitrusduft \nso manche Ungezieferart scheut Kokosgeruch; zum Schutz des Felles  \nvon Haustieren, um Irritationen durch Stiche zu vermeiden\nKokos\u00f6l, Bienenwachs, Citronella, Manuka\n42,50 \u20ac/100 ml   13724923 20 ml 8,50 \u20ac\nFellpflegespray  \u2022  klar, krautig\nzum Schutz des Felles von Haustieren, um Irritationen durch Stiche  \nzu vermeiden; nach dem Aufspr\u00fchen das Fell ausk\u00e4mmen\nMelissen-, Rosenhydrolat, Ethanol, Citronella, Lavendel, Manuka\n19,90 \u20ac/100 ml  Pumpspray 10743162 50 ml 9,95 \u20ac\u00a9 Ampertaler Natur\u00f6leFu\u00dfbad ausgleichend  \u2022  krautig, klar\nentspannende Fu\u00dfpflege nach anstrengenden Tagen; vor allem abends ideal\nBadesalz:  Meersalz, Jojobawachs; Lavendel, Thymian, Manuka, Melisse, Neroli, \nAngelikawurzel, Benzoe Siam\n\u00d6lbad:  neutrale Grundlage, Sesam\u00f6l; Lavendel, Thymian, Manuka, Melisse,  \nNeroli, Angelikawurzel, Benzoe Siam \n7,95 \u20ac/100 ml   Badesalz 02199000 100 ml 7,95 \u20ac\n5,58 \u20ac/100 ml   Badesalz 02199075 250 ml 13,95 \u20ac\n7,95 \u20ac/100 ml      \u00d6lbad  13718070 100 ml 7,95 \u20ac\n4,98 \u20ac/100 ml      \u00d6lbad  14416856 300 ml 14,95 \u20ac\nFu\u00dfbad k\u00fchlend  \u2022  anregend, klar\nanregende Fu\u00dfpflege an hei\u00dfen Tagen; besonders f\u00fcr Diabetiker  \nund bei starkem Schwitzen der F\u00fc\u00dfe\nBadesalz:  Meersalz, Jojobawachs; Lavendel, Palmarosa, Rosmarin, Pfefferminze, \nThymian \n7,65 \u20ac/100 ml  Badesalz 02198615 100 ml 7,65 \u20ac\n5,58 \u20ac/100 ml  Badesalz 02198756 250 ml 13,95 \u20ac\nFu\u00dfcreme anregend  \u2022  kr\u00e4ftig, krautig, klar \nangenehm zur Fu\u00dfpflege, v. a. bei Diabetes; bei Fu\u00dfschwei\u00df\nAloe-Vera in Mandel\u00f6l, Sheabutter, Thymianhydrolat, Woll-, Bienenwachs,  \nRosenhydrolat, Palmarosa, Lavendel, Rosmarin, Zitrone, Thymian\n46,33 \u20ac/100 ml     16084565 15 ml 6,95 \u20ac\n17,07 \u20ac/100 ml    06940773 70 ml 11,95 \u20ac\nFu\u00dfcreme ausgleichend  \u2022  krautig  \nzur Fu\u00dfpflege im Reflexzonenbereich; zum Entspannen; vor allem abends\nAloe-Vera in Mandel\u00f6l, Sheabutter, Melissenhydrolat, Woll-, Bienenwachs,  \nRosenhydrolat, Melisse, Neroli, Zitrone, Thymian\n50,00 \u20ac/100 ml      16084571 15 ml 7,50 \u20ac\n18,50 \u20ac/100 ml     06940796 70 ml 12,95 \u20ac\nG\nGeborgenheit  \u2022  blumig, lieblich\nbei Heimweh, Burn \u00adout\u00adSyndrom und Abgespanntheit\nNaturparf\u00fcm:  Jojobawachs; Orange, Vanille, Lemongras, Benzoe Siam, Jasmin, \n Melisse, Iris\n217,00 \u20ac/100 ml    Duft\u00f6l 01846354 5 ml 10,85 \u20ac\n79,50 \u20ac/100 ml    Naturparf\u00fcm  07308942 10 ml 7,95 \u20ac\n85,00 \u20ac/100 ml    Naturparf\u00fcm Roll\u00adon  11303436 10 ml 8,50 \u20acGeburtsbad  \u2022  weiblich, s\u00fc\u00df  NEU  \nein entspannendes Bad in sinnlichen D\u00fcften\nMeersalz, Jojobawachs, Grapefruit, Mandarine, Ho-Sho, Rosenholz, Ylang-Ylang, \nRose, Jasmin, Sandelholz, Benzoe Siam\n7,55 \u20ac/100 ml   Badesalz 17592565 100 ml 7,55 \u20ac\n5,64 \u20ac/100 ml   Badesalz 17592571 250 ml 14,10 \u20ac\nBisher Entbindungsbad.\nGeburtsduft  \u2022  weiblich, s\u00fc\u00df   NEU  \nberuhigende Mischung f\u00fcr die Geburtsvorbereitung und im Entbindungs\u00ad\nzimmer; ein harmonisierender, sinnlicher Duft\nDuft\u00f6l:  Benzoe Siam, Grapefruit, Ho-Sho, Jasmin, Mandarine, Rose, Rosenholz, \nSandelholz, Ylang-Ylang\nRaumspray:  Benzoe Siam, Grapefruit, Ho-Sho, Jasmin, Lavendel, Mandarine, \nRose, Rosenholz, Sandelholz, Ylang-Ylang, Neroli-, Rosenhydrolat, Ethanol\n219,00 \u20ac/100 ml   Duft\u00f6l  17592631 5 ml 10,95 \u20ac\n149,75 \u20ac/100 ml   Duft\u00f6l  17592648 20 ml 29,95 \u20ac\n19,90 \u20ac/100 ml   Raumspray  17592654 50 ml 9,95 \u20ac\nBisher Entbindungsduft. \nGeburts\u00f6l  \u2022  blumig  \nMassage\u00f6l f\u00fcr die Geburtsarbeit; bei Stimmungsschwankungen\nJojobawachs, Sonnenblumen-, Sesam\u00f6l, Muskatellersalbei, Ylang-Ylang, Rose, Jasmin\n90,00 \u20ac/100 ml    02201659 5 ml 4,50 \u20ac\n44,75 \u20ac/100 ml    01749817 20 ml 8,95 \u20ac\n25,50 \u20ac/100 ml   Klinikpackung  01749823 200 ml 51,00 \u20ac\nGelassenheit  \u2022  intensiv blumig, leicht krautig\nals K\u00f6rper\u00f6l bei st\u00e4ndiger Anspannung, erdend und ausgleichend;  \noptimal  geeignet auch als Naturparf\u00fcm (mehrmals t\u00e4glich)\nMandel\u00f6l, Jojobawachs, Sesam\u00f6l, Ylang-Ylang, Zitrone, Muskatellersalbei, Litsea, \nVetiver\n45,00 \u20ac/100 ml     07308965 10 ml 4,50 \u20ac\n49,50 \u20ac/100 ml    Roll-on  11303465 10 ml 4,95 \u20ac\n21,10 \u20ac/100 ml     02199106 50 ml 10,55 \u20ac\nErnte der Angelikawurzeln in Bayern f\u00fcr die Destillation\nUnser Buchtipp Dr. med. Peter B\u00fcttner\nSprechstunde Kinderarzt\nDas Standardwerk f\u00fcr Eltern\nDer praktizierende Kinder- und Jugendarzt erkl\u00e4rt, \nwie Krankheiten entstehen und wie sie normaler -\nweise verlaufen. Erfahren Sie, wann es notwendig ist \neinzugreifen und wie Sie mit einfachen Hausmitteln, \nmit Aromatherapie, Pflanzenheilkunde, Hom\u00f6opa-\nthie und konventionellen Arzneimitteln die Heilung \nf\u00f6rdern k\u00f6nnen. \nF a c h z e i t s c h r i f t  F\u00b7   O\u00b7  R\u00b7  U\u00b7  M  \nWissenswertes und Aktuelles aus der Welt der  \nAromatherapie \u2022 Aromapflege \u2022 Aromakultur \nErscheint 2 x j\u00e4hrlich,  \nalle Ausgaben lieferbar\nInhaltsangaben in unserem Online\u00adShop \noder auch unter www.forum-essenzia-org \ninkl. einer Leseprobe.\nFachzeitschrift f\u00fcr Aromatherapie  \u00b7  Aromapflege  \u00b7  Aromakultur\nSchwerpunkt: Wissenschaft und Pflege F\u00b7o\u00b7r\u00b7u\u00b7m \nEssEnziaF\u00b7o\u00b7r\u00b7u\u00b7m \nEssEnzia\nAromapflege \u2013  \nein wertsch\u00e4tzendes Argument  \nin der Palliativpflege\nAromaprodukte \u2013  \nder Patient im Mittelpunkt  \nder AnwendungAromatherapie/-pflege \u2013  \nRechtssicherheit am Krankenbett\nAromatherapie: Ergebnisse aus der Pflegeforschung\nSchwei\u00dff\u00fc\u00dfe \u2013 was tun? \nPflanzen\u00f6le plus Heilpflanzen: Mazerate\nAusgabe 53 \u00b7 2019Schwerpunkt: Wissenschaft und Pflege\n30 Original-Stadelmann\u00ae-Aromamischungen \u2013 G \u2022 H H \u2022 I 31Granatapfelsamen\u00f6l\n66,50 \u20ac/100 ml   11558610 30 ml 19,95 \u20ac\nGrapefruit Schalenpressung  \u2022  zart fruchtig-frisch \naufmunternd und konzentrationsf\u00f6rdernd, zur Hautpflege max. 4 Tropfen auf \n10 ml fettes Pflanzen\u00f6l geben; zur Raumbeduftung\n79,50 \u20ac/100 ml  Duft\u00f6l  16014814 10 ml 7,95 \u20ac\nGr\u00e4serkorb  \u2022  grasig\nbelebend und konzentrationsf\u00f6rdernd\nHautspray: Melissenhydrolat, Ethanol, Rosenhydrolat, Lavendel; Palmarosa,  \nCitronella, Lemongras\n139,00 \u20ac/100 ml   Duft\u00f6l  04013703 5 ml 6,95 \u20ac\n17,90 \u20ac/100 ml   Hautspray  10743185 50 ml 8,95 \u20ac\nH\nHaarbalsam  \u2022  kokos-s\u00fc\u00df \nzur Haarspitzenpflege, sparsam anwenden\nMangobutter, Kokos\u00f6l, Tonkabohne, Mandarine\n66,33 \u20ac/100 ml    16014837 15 ml 9,95 \u20ac\nHallo-Wach-Bad  \u2022  intensiv krautig\nentschlackend, wohltuend, anregend auch bei dicken Beinen\nMeersalz, Jojobawachs, Rosmarin, Limette, Angelikawurzel, Wacholderbeere\n7,30 \u20ac/100 ml    Badesalz 07309025 100 ml 7,30 \u20ac\n5,40 \u20ac/100 ml    Badesalz 01749852 250 ml 13,50 \u20ac\nHallo \u00adWach \u00ad\u00d6l  \u2022  frisch, krautig, herb\nwenn Sie nicht in die G\u00e4nge kommen oder noch mehr vorhaben\nAngelikawurzel, Karottensamen, Limette, Litsea, Rosmarin, Wacholderbeere \n199,00 \u20ac/100 ml   Duft\u00f6l  01749869 5 ml 9,95 \u20ac\nsiehe Seite 33 Karotten \u00adLimetten \u00ad\u00d6l (Naturparf\u00fcm)\nHalstr\u00f6ster  \u2022  krautig, leicht lavendelig\nideal f\u00fcr Halswaschungen und Mundsp\u00fclungen, wohltuender lindernder  \nZusatz zum Halswickel\nMeersalz, Jojobawachs, Lavendel, Thymian, Melisse\n13,00 \u20ac/100 ml    01911146 50 ml 6,50 \u20ac\n8,95 \u20ac/100 ml    06941028 100 ml 8,95 \u20acGesichtscreme f\u00fcr den Mann  \u2022  herb, krautig  \nf\u00fcr die empfindliche und trockene M\u00e4nnerhaut\nSheabutter, Aloe-Vera in Mandel\u00f6l, Wollwachs, Myrten-, Neroli-, Rosenhydrolat, \nLitsea, Thymian, Sandelholz, Vetiver, Benzoe Siam\n36,67 \u20ac/100 ml    16084594 15 ml 5,50 \u20ac\n25,00 \u20ac/100 ml  Airless 00705195 50 ml 12,50 \u20ac\n25,90 \u20ac/100 ml  Glastiegel 15389009 50 ml 12,95 \u20ac\nGesichtscreme Myrte  \u2022  frisch, zart-krautig  \nf\u00fcr die empfindliche und trockene Haut\nSheabutter, Aloe-Vera in Mandel\u00f6l, Myrtenhydrolat, Wollwachs, Palmarosa, \nLitsea,  Immortelle, Myrte\n39,67 \u20ac/100 ml    16084602 15 ml 5,95 \u20ac\n27,00 \u20ac/100 ml  Airless 09932952 50 ml 13,50 \u20ac\n27,90 \u20ac/100 ml  Glastiegel 15389050 50 ml 13,95 \u20ac\nGesichtscreme Neroli  \u2022  blumig, frisch-zart  \nf\u00fcr die empfindliche reife Haut\nSheabutter, Aloe-Vera in Mandel\u00f6l, Rosenhydrolat, Wollwachs, Ho-Sho, Neroli, Rosen-\nholz, Benzoe Siam\n43,33 \u20ac/100 ml    16084619 15 ml 6,50 \u20ac\n25,90 \u20ac/100 ml  Airless 10047468 50 ml 12,95 \u20ac\n27,00 \u20ac/100 ml  Glastiegel 15389038 50 ml 13,50 \u20ac\nGesichtscreme Rose  \u2022  blumig, rosig, weich  \nf\u00fcr die empfindliche und trockene Haut\nSheabutter, Aloe-Vera in Mandel\u00f6l, Rosenhydrolat, Wollwachs, Rose, Zitrone,  \nThy mian, Benzoe Siam, Palmarosa\n43,33 \u20ac/100 ml    16084625 15 ml 6,50 \u20ac\n27,90 \u20ac/100 ml  Airless 12475978 50 ml 13,95 \u20ac\n29,00 \u20ac/100 ml  Glastiegel 15389044 50 ml 14,50 \u20acHeimkommen  \u2022  fruchtig-s\u00fc\u00df, balsamisch, weiblich\nzum Entspannen, Abschalten und Sich \u00adWohlf\u00fchlen\nDuft\u00f6l: Orange, Sandelholz, Tonkabohne, Ylang-Ylang \nNaturparf\u00fcm:  Jojobawachs; Orange, Ylang-Ylang, Sandelholz, Tonkabohne\n170,00 \u20ac/100 ml    Duft\u00f6l  01846383 5 ml 8,50 \u20ac\n69,50 \u20ac/100 ml    Naturparf\u00fcm  05459217 10 ml 6,95 \u20ac\n75,00 \u20ac/100 ml    Naturparf\u00fcm Roll\u00adon  11303494 10 ml 7,50 \u20ac\nI\nImmortelle 10 %  \u2022  s\u00fc\u00df-herb, leicht holzig\nJojobawachs, Immortelle\n115,00 \u20ac/100 ml   06940974 10 ml 11,50 \u20acHamamelis \u00adMyrte \u00adBalsam  \u2022  intensiv krautig\nzusammenziehend bei gestauten Gef\u00e4\u00dfen, entschlackend, wohltuend zur \nPflege bei \u00e4u\u00dferen H\u00e4morrhoiden; pflegt irritierte und gereizte Haut;  \nauch bei Rhagaden und Sch\u00fcrfwunden\nWollwachs, Hamamelishydrolat, Sheabutter, Johanniskraut in Oliven\u00f6l, Myrte, \n Zypresse, Lavendel, Meersalz\n53,00 \u20ac/100 ml     01749875 15 ml 7,95 \u20ac\n34,17 \u20ac/100 ml     04014341 30 ml 10,25 \u20ac\nHand- und K\u00f6rperemulsion  \u2022  zitrus-frisch  \npflegt die Haut von Kopf bis Fu\u00df; immer auf die mit Hydrolat befeuchtete \noder noch duschnasse Haut auftragen\nAloe-Vera in Mandel\u00f6l, Neroli-, Rosenhydrolat, Wollwachs, Sonnenblumen\u00f6l,  \nSheabutter, Sanddorn\u00f6l*, Lemongras, Mandarine, Immortelle, Tonkabohne  \n(*Sanddorn\u00f6l kann die W\u00e4sche verf\u00e4rben)  \n11,95 \u20ac/100 ml    07309002 100 ml 11,95 \u20ac\n7,48 \u20ac/100 ml    13718153 200 ml 14,95 \u20ac\nHandpflege mit Sheabutter  \u2022  frisch, balsamisch  \nreichhaltige Handpflegecreme, zur Pflege bei rissiger und rauer Haut,  \nl\u00e4sst Wasser abperlen \nAloe-Vera in Mandel\u00f6l, Jojoba-, Bienenwachs, Sheabutter, Melissenhydrolat,  \nSesam\u00f6l, Rosenhydrolat, Litsea, Benzoe Siam, Eisenkraut Anden\n29,83 \u20ac/100 ml   06940804 30 ml 8,95 \u20ac\n17,86 \u20ac/100 ml   06940810 70 ml 12,50 \u20ac\nHandspray  \u2022  zitronig-frisch\nnach dem H\u00e4ndewaschen; erfrischend und belebend\nEthanol, Rosenhydrolat, Cajeput, Zitrone, Angelikawurzel, Lavendel\n19,80 \u20ac/100 ml    Hautspray  09235785 50 ml 9,90 \u20ac\nsiehe Seite 56 H\u00e4ndedesinfektion\nHanf\u00f6l\n16,50 \u20ac/100 ml   09933035 20 ml 3,30 \u20ac\nHans guck in die Luft  \u2022  fruchtig-frisch\nmotivationsf\u00f6rdernder Hausaufgabenduft, im Klassenzimmer, im B\u00fcro,  \nauf Reisen und im Krankenzimmer \nDuft\u00f6l: Ho-Sho, Litsea, Mandarine, Melisse, Rosenholz\nNaturparf\u00fcm:  Jojobawachs, Mandarine, Litsea, Ho-Sho, Melisse, Rosenholz \nRaumspray:  Ho-Sho, Lavendel, Litsea, Mandarine, Rosenholz, Melissen-, Rosen -\nhydrolat, Ethanol\n179,00 \u20ac/100 ml  Duft\u00f6l  04013821 5 ml 8,95 \u20ac\n124,75 \u20ac/100 ml   Duft\u00f6l  16014702 20 ml 24,95 \u20ac\n23,90 \u20ac/100 ml  Raumspray  10743191 50 ml 11,95 \u20ac\n79,50 \u20ac/100 ml  Naturparf\u00fcm  05459200 10 ml 7,95 \u20ac\n85,00 \u20ac/100 ml  Naturparf\u00fcm Roll\u00adon  11303488 10 ml 8,50 \u20acGesichtscremes\nsind auf der Basis von Sheabutter weichger\u00fchrt. Mit Aloe \u00adVera in Mandel -\n\u00f6l, Hydrolaten und duftenden \u00e4therischen \u00d6len werden Sie sparsam auf \ndie mit einem Hydrolat befeuchtete Haut aufgetragen. Die Kombination \nvon Hydrolat und reichhaltiger Creme revitalisiert die Haut, und sch\u00fctzt \nvor Feuchtigkeitsverlust.\nGesichtscremes und einige Aromamischungen wie z.B. der Windelbalsam\nstehen Ihnen in Airless \u00adSpendern zur Verf\u00fcgung damit keine Luft an das\nProdukt gelangen kann. Mit dieser Verpackung verl\u00e4ngert sich die Auf -\nbrauchfrist der Stadelmann\u00ae-Aromamischungen . Bitte lassen Sie das Pro -\ndukt w\u00e4hrend der k\u00fchlen Jahreszeit vor Gebrauch einige Stunden im \nRaum temperieren.\nBei Glastiegeln wie z.B. Gesichtscremes oder Thymian \u00adMyrte \u00adBalsam \nsollte die Entnahme, um eine Keimeinschleppung zu vermeiden, mit einem \nsauberen L\u00f6ffelstiel oder Spatel erfolgen.\n\u00a9 Tina Berg, T erra Provence\nReifung von Johanniskraut\u00f6l in Frankreich\n32 Original-Stadelmann\u00ae-Aromamischungen \u2013 I I \u2022 J \u2022 K 33Immortellenhydrolat  \u2022  herb-krautig\n22,50 \u20ac/100 ml   00148435 20 ml 4,50 \u20ac\n10,00 \u20ac/100 ml   09933064 55 ml 5,50 \u20ac\n6,95 \u20ac/100 ml   00148441 100 ml 6,95 \u20ac\nYsop\u00adImmortellen \u00ad\u00d6l  \u2022  herb-krautig\nMassage\u00f6l, wohltuend bei blauen Flecken, kann sie schneller zum  \nVerschwinden bringen; angenehme Hautpflege nach Prellungen, Gelenk \u00ad \nbelastungen; mehrmals auftragen oder als \u00d6lkompresse anwenden\nJojobawachs, Sesam\u00f6l, Calophyllum, Lavendel, Palmarosa, Ysop, Rosmarin,  \nImmortelle\n62,00 \u20ac/100 ml     02201151 5 ml 3,10 \u20ac\n31,33 \u20ac/100 ml     02201168 30 ml 9,40 \u20ac\nInsektenstich\u00f6l  \u2022  intensiv-w\u00fcrzig\n1 \u2013 2 mal unverd\u00fcnnt auftragen\nNaturparf\u00fcm:  Lavendel, Teebaum, Citronella, Lemongras, Thymian, Manuka  \nRoll-on:  Lavendel, Jojobawachs, Sheabutter, Teebaum, Citronella, Lemongras,  \nThymian, Manuka\n159,00 \u20ac/100 ml  Naturparf\u00fcm 01749912 5 ml 7,95 \u20ac\n109,50 \u20ac/100 ml  Roll\u00adon  11303502 10 ml 10,95 \u20ac\nsiehe Seite 24 Citronella-Rosengeranie\nIntimpflegecreme  \u2022  zart rosig, krautig \nwohltuend und pflegend f\u00fcr die Frau\nAloe-Vera in Mandel\u00f6l, Bienenwachs, Sheabutter, Granatapfelsamen-, Nachtkerzen-, \nSonnenblumen\u00f6l, Lavendel-, Rosenhydrolat, Palmarosa, Lavendel, Immortelle\n59,67 \u20ac/100 ml     13724969 15 ml 8,95 \u20ac\n43,17 \u20ac/100 ml     13724975 30 ml 12,95 \u20ac\nIntimpflegecreme Neroli \u00adYlang  \u2022  blumig-s\u00fc\u00df  \nwohltuend und zart pflegend\nAloe-Vera in Mandel\u00f6l, Bienenwachs, Sheabutter, Wildrosen-, Nachtkerzen-,  \nSonnenblumen\u00f6l, Neroli-, Rosenhydrolat, Neroli, Ylang-Ylang, Rose\n66,33 \u20ac/100 ml     16014903 15 ml 9,95 \u20ac\n46,50 \u20ac/100 ml     16014926 30 ml 13,95 \u20ac\nIntimpflegehydrolat  \u2022  zart rosig, krautig\nideal zur Pflege im Intim \u00ad, Schleimhaut \u00ad und Windelbereich\nRosenhydrolat, Palmarosa, Lavendel, Immortelle\n34,75 \u20ac/100 ml     Hautspray 13718130 20 ml 6,95 \u20ac\n18,09 \u20ac/100 ml    Hautspray  13718147 55 ml 9,95 \u20ac\n14,95 \u20ac/100 ml     Hautspray 13721391 100 ml 14,95 \u20ac\nsiehe Seite 39 Neroli \u00adYlang HydrolatImmortelle \u00adAkut\u00adSpray  \u2022  herb-lavendelig\nein Spray, das immer griffbereit sein sollte, ob unterwegs oder zu Hause\nLavendel-, Rosen-, Immortellenhydrolat, Lavendel, Immortelle\n26,50 \u20ac/100 ml    Hautspray  10743216 30 ml 7,95 \u20ac\n14,95 \u20ac/100 ml    NEU  Hautspray  17592588 100 ml 14,95 \u20ac\nImmortelle-Beinwell-Salbe  \u2022  leicht krautig, balsamisch\nhilfreich bei blauen Flecken, beim Sport \nRingelblumen in Mandel-, Johanniskraut in Oliven\u00f6l, Woll-, Bienenwachs, Beinwell -\ntinktur*, Sheabutter, Lavendel, Palmarosa, Immortelle *frei von Pyrrolizidinalkaloiden\n72,22 \u20ac/100 ml     07571668 9 ml 6,50 \u20ac\n33,17 \u20ac/100 ml     06940833 30 ml 9,95 \u20ac\n16,63 \u20ac/100 ml     06940862 120 ml 19,95 \u20acKamille \u00adFenchel \u00ad\u00d6l  \u2022  krautig-s\u00fc\u00df\nf\u00fcr eine entspannende, entkrampfende, beruhigende Massage an gestress -\nten Tagen f\u00fcr Kind, Eltern und Gro\u00dfeltern; wenn der Bauch dr\u00fcckt\nMandel\u00f6l, Jojobawachs, Sonnenblumen-, Sesam\u00f6l, Fenchel, Kamille r\u00f6m.,  \nBergamotte, Ho-Sho, Rosenholz\n45,00 \u20ac/100 ml     07309031 10 ml 4,50 \u20ac\n23,20 \u20ac/100 ml     01749935 50 ml 11,60 \u20ac\nKarotten \u00adLimetten \u00ad\u00d6l  \u2022  erdig, krautig, frisch\nbew\u00e4hrt in der Hebammenbegleitung; wohltuend nach zu fettem Essen, \npunktuell auftragen\nJojobawachs, Litsea, Rosmarin, Limette, Alant, Angelikawurzel, Wacholderbeere, \nKarottensamen\n89,50 \u20ac/100 ml     Naturparf\u00fcm 10073589 10 ml 8,95 \u20ac\nKemptener \u00ad\u00d6l  \u2022  intensiv krautig\nMassage\u00f6l, erw\u00e4rmt, lockert verspannte Muskulatur vor und nach  \nanstrengender Arbeit\nJohanniskraut in Oliven-, Arnika in Oliven-, Sonnenblumen\u00f6l, Eukalyptus globulus, \nLatschenkiefer, Lavendel, Rosmarin, Wacholderbeere, Calophyllum\n45,00 \u20ac/100 ml    07309048 10 ml 4,50 \u20ac\n22,50 \u20ac/100 ml    01749941 50 ml 11,25 \u20ac\n18,50 \u20ac/100 ml    01749958 100 ml 18,50 \u20ac\nKindermassage\u00f6l Dornr\u00f6schen  \u2022  zart-rosig, fein-nussig\nein ausgleichendes und doch leicht anregendes Massage\u00f6l;  \nErwachsene lassen sich ebenfalls gerne damit massieren \nSonnenblumen\u00f6l, Jojobawachs, Haselnuss-, Sesam\u00f6l, Rosengeranie, Mandarine, \nVanille, Ylang-Ylang, Rose\n35,00 \u20ac/100 ml    05458761 10 ml 3,50 \u20ac\n19,90 \u20ac/100 ml    05458778 50 ml 9,95 \u20ac\nKindermassage\u00f6l Kobold  \u2022  fruchtig, leicht pfeffrig\nder frische und anregende Duft hilft Morgenmuffeln in den Tag;  \ndas Haut  pflege\u00f6l macht auch Erwachsene munter \nSonnenblumen-, Mandel\u00f6l, Orange, Pfeffer, Limette, Ho-Sho, Rosenholz\n35,00\u20ac/100 ml    05458784 10 ml 3,50 \u20ac\n19,00 \u20ac/100 ml    05458790 50 ml 9,50 \u20ac\nKindermassage\u00f6l Strubbelpeter  \u2022  krautig, lavendelig\ndas ausgleichende Massage\u00f6l mit Kr\u00e4uterduft ist auch f\u00fcr Erwachsene ein \nwillkommenes K\u00f6rperpflege\u00f6l \nSonnenblumen-, Aprikosenkern\u00f6l, Lavendel, Ravintsara, Melisse\n35,00 \u20ac/100 ml   05458809 10 ml 3,50 \u20ac\n19,00 \u20ac/100 ml   05458815 50 ml 9,50 \u20acIris 1 %  \u2022  fein-blumig, elegant-pudrig\nJojobawachs, Iris\n174,00 \u20ac/100 ml   04014743 10 ml 17,40 \u20ac\nJ\nJasmin 1 %  \u2022  blumig-schwer, s\u00fc\u00df   \nJojobawachs, Jasmin\n65,00 \u20ac/100 ml   16907630 10 ml 6,50 \u20ac\nJasmin \u00adOrange  \u2022  schwer, fruchtig-s\u00fc\u00df   \nf\u00fcr entspannende und sinnliche Stunden; ideal auch zur Geburtsvorbereitung; \nIm Vernebler bitte sparsam dosieren. Der Spray verzaubert das Zimmer in  \neinen s\u00fc\u00dfen Orangenhain, Kinder bezeichnen es als ihren \u201eFeentraum\u201c\nBergamotte, Jasmin, Orange, Sandelholz \n219,00 \u20ac/100 ml  Duft\u00f6l 16907647 5 ml 10,95 \u20ac\nsiehe Seite 41 Raumduft Jasmin \u00adOrange\nJohanniskraut in Oliven\u00f6l\n11,90 \u20ac/100 ml   07312719 50 ml 5,95 \u20ac\n8,78 \u20ac/100 ml   16230819 250 ml 21,95 \u20ac\n6,99 \u20ac/100 ml   16082483 500 ml 34,95 \u20ac\nJohanniskraut \u00adLavendel \u00ad\u00d6l  \u2022  krautig-frisch\nwohltuender Duft, ausgleichend und beruhigend bei empfindlichen Ohren \n(auf Heilwolle geben und diese auf oder hinter das Ohr legen); \nauch bei zahnenden Kindern geeignet, punktuell auftragen\nJohanniskraut in Oliven\u00f6l, Lavendel\n110,00 \u20ac/100 ml     03837997 5 ml 5,50 \u20ac\nJojobawachs\n15,90 \u20ac/100 ml   07310011 50 ml 7,95 \u20ac\n9,98 \u20ac/100 ml   16230825 250 ml 24,95 \u20ac\n7,99 \u20ac/100 ml   16260074 500 ml 39,95 \u20ac\nK\nK\u00e4lteschutzsalbe  \u2022  fast geruchlos; enth\u00e4lt keine \u00e4therischen \u00d6le\nangenehmer Hautschutz bei Wind und kalter Witterung\nRingelblumen in Mandel\u00f6l, Bienenwachs\n66,11 \u20ac/100 ml   02201719 9 ml 5,95 \u20ac\n33,17 \u20ac/100 ml   04013850 30 ml 9,95 \u20ac\nKamille r\u00f6m. 10 %  \u2022  s\u00fc\u00dflich, fruchtig, warm\nJojobawachs, Kamille r\u00f6m.\n87,50 \u20ac/100 ml   04014772 10 ml 8,75 \u20ac Denken Sie daran die Duftnote immer wieder zu wechseln, Ihre Haut und \nIhr Immunsystem lieben die Abwechslung. Immortellenmischungen  \nmit dem \u00e4therischen \u00d6l der Immortelle eignen sich zur Pflege beanspruch -\nter Haut (z.B. bei Rissen und Sch\u00fcrfwunden), wirken unterst\u00fctzend bei \nblauen Flecken oder auch als Wundschutz bei irritierter oder ger\u00f6teter \nHaut \u2013 sie sollten in keiner Hausapotheke fehlen.\n\u00a9 Tina Berg, Essences Naturelles Corses\nImmortellenernte in KorsikaK \u2022 L 35 34 Original-Stadelmann\u00ae-Aromamischungen \u2013 KK\u00f6rperemulsion Salbei  \u2022  herb\u00adkrautig, typisch Salbei \u00adThymian \nwohltuende Hautpflege bei Neigung zu Schwei\u00dfbildung   \nund trockener Haut mit Juckreiz\nWeihrauchhydrolat, Baobab\u00f6l, Wollwachs, Rosenhydrolat, Sonnenblumen\u00f6l,  \nSheabutter, Salbei, Thymian, Ho-Sho, Sanddorn\u00f6l*, Weihrauch, Rosenholz, Iris  \n(*Sanddorn\u00f6l kann die W\u00e4sche verf\u00e4rben)  \n12,50 \u20ac/100 ml    12470981 100 ml 12,50 \u20ac\n8,25 \u20ac/100 ml    13718199 200 ml 16,50 \u20ac\nsiehe auch Hand- und K\u00f6rperemulsion Seite 31.\nK\u00f6rper\u00f6l Andensonne  \u2022  fruchtig, krautig \nein frisches, anregendes K\u00f6rper\u00f6l; schenkt Durchhalteverm\u00f6gen  \nund Ausdauer\nAloe-Vera in Mandel\u00f6l, Jojobawachs, Sesam\u00f6l, Atlaszeder, Grapefruit, Eukalyptus \ncitriodora, Myrte, Eisenkraut Anden, Eukalyptus globulus, Weihrauch\n45,00 \u20ac/100 ml    07309195 10 ml 4,50 \u20ac\n23,20 \u20ac/100 ml    01913056 50 ml 11,60 \u20ac\n16,90 \u20ac/100 ml    01913062 100 ml 16,90 \u20ac\nK\u00f6rper\u00f6l entspannend  \u2022  blumig, weich \nbei Aufregung und Gereiztheit; zur Vorbeugung von Schwangerschafts\u00ad\nstreifen, regelm\u00e4\u00dfige Massage erforderlich\nMandel\u00f6l, Jojobawachs, Weizenkeim-, Sesam-, Hanf\u00f6l, Kamille r\u00f6m., Atlaszeder,  \nNeroli, Rose\n39,50 \u20ac/100 ml    07309261 10 ml 3,95 \u20ac\n23,90 \u20ac/100 ml    01749970 50 ml 11,95 \u20ac\n18,50 \u20ac/100 ml    04014364 100 ml 18,50 \u20ac\nK\u00f6rper\u00f6l festigend  \u2022  blumig, krautig\nseelisch und k\u00f6rperlich stabilisierend\nMandel\u00f6l, Jojobawachs, Nachtkerzen-, Sesam\u00f6l, Myrte, Zypresse, Muskateller -\nsalbei, Rosengeranie, Eisenkraut Anden, Vetiver, Schafgarbe, Jasmin\n45,00 \u20ac/100 ml     07309290 10 ml 4,50 \u20ac\n23,90 \u20ac/100 ml     01749987 50 ml 11,95 \u20ac\n19,95 \u20ac/100 ml     04014370 100 ml 19,95 \u20ac\nK\u00f6rper\u00f6l f\u00fcr den Mann  \u2022  frisch-herb, m\u00e4nnlich  \nst\u00e4rkend und ausgleichend; auch Frauen m\u00f6gen diese Duftnote\nSonnenblumen-, Aloe-Vera in Mandel\u00f6l, Jojobawachs, Sesam\u00f6l, Litsea, Sandelholz, \nThymian, Benzoe Siam, Vetiver\n35,00 \u20ac/100 ml   07309315 10 ml 3,50 \u20ac\n19,00 \u20ac/100 ml   00705226 50 ml 9,50 \u20ac\n13,95 \u20ac/100 ml   00705232 100 ml 13,95 \u20acKlimakterium K\u00f6rper\u00f6l  \u2022  krautig, rund, blumig\nzur t\u00e4glichen Bauch- und K\u00f6rpermassage vor und w\u00e4hrend der Wechseljahre\nMandel-, Nachtkerzen-, Sonnenblumen\u00f6l, Zypresse, Muskatellersalbei, Rosen -\ngeranie, Rose, Fenchel, Kamille r\u00f6m., Vetiver\n45,00 \u20ac/100 ml    07309054 10 ml 4,50 \u20ac\n23,00 \u20ac/100 ml    16015096 50 ml 11,50 \u20ac\n17,45 \u20ac/100 ml    04014358 100 ml 17,45 \u20ac\nKlimakterium K\u00f6rper\u00f6l k\u00fchlend  \u2022  minzig, krautig\nk\u00fchlendes und ausgleichendes K\u00f6rper\u00f6l vor und w\u00e4hrend der Wechselzeit;  \nin der Abstillphase; bei \u00fcberm\u00e4\u00dfigem Schwitzen\nRingelblumen in Mandel\u00f6l, Jojobawachs, Sonnenblumen-, Sesam\u00f6l, Salbei, Lavendel, \nPfefferminze, Zypresse, Myrte, Rose\n45,00 \u20ac/100 ml    07309060 10 ml 4,50 \u20ac\n21,10 \u20ac/100 ml    04013873 50 ml 10,55 \u20ac\n16,90 \u20ac/100 ml    04014140 100 ml 16,90 \u20ac \nK\u00f6rperemulsion Benzoe\u00adVanille  \u2022  zart vanillig-weich   \neine entspannende und beruhigende Hautpflege f\u00fcr strapazierte oder  \ntrockene Haut; f\u00fcr die ganze Familie von Kopf bis Fu\u00df\nRosenhydrolat, Aloe-Vera in Mandel\u00f6l, Wollwachs, Sonnenblumen\u00f6l, Sheabutter,  \nNerolihydrolat, Mandarine, Vanille, Benzoe Siam, Narde\n11,50 \u20ac/100 ml    12470946 100 ml 11,50 \u20ac\n7,98 \u20ac/100 ml    13718182 200 ml 15,95 \u20ac\nK\u00f6rperemulsion blumig  \u2022  zart rosig-weich   \nwohltuende und entspannende Hautpflege f\u00fcr empfindliche und trockene \nHaut jeden Alters\nNerolihydrolat, Aloe-Vera in Mandel\u00f6l, Wollwachs, Rosenhydrolat, Sonnenblumen -\n\u00f6l, Sheabutter, Rosengeranie, Sanddorn\u00f6l*, Rose, Neroli, Jasmin  \n(*Sanddorn\u00f6l kann die W\u00e4sche verf\u00e4rben)  \n12,95 \u20ac/100 ml     13718207 100 ml 12,95 \u20ac\n9,48 \u20ac/100 ml     13718236 200 ml 18,95 \u20acKonzentrations\u00f6l  \u2022  krautig-frisch\nim B\u00fcro, im Nachtdienst, zum Durchhalten, \u00bbHebammen\u00f6l\u00ab\nDuft\u00f6l:  Eisenkraut Anden, Litsea, Muskatellersalbei, Rosmarin, Ysop, Zitrone, Zypresse\nNaturparf\u00fcm:  Jojobawachs; Ysop, Eisenkraut Anden, Zypresse, Rosmarin, Litsea, \n Zitrone, Muskatellersalbei\n226,00 \u20ac/100 ml  Duft\u00f6l  01749993 5 ml 11,30 \u20ac\n73,00 \u20ac/100 ml  Naturparf\u00fcm  05459269 10 ml 7,30 \u20ac\n78,00 \u20ac/100 ml  Naturparf\u00fcm Roll\u00adon  11303560 10 ml 7,80 \u20ac\nKonzentrations\u00f6l frisch  \u2022  minzig-frisch\nim Wartezimmer, beim Lernen; an hei\u00dfen Tagen und auf Reisen\nDuft\u00f6l: Ho-Sho, Myrte, Nanaminze, Pfefferminze, Rosenholz\nHautspray:  Pfefferminzhydrolat, Ethanol, Rosenhydrolat, Ho-Sho, Myrte,  \nRosenholz, Nanaminze, Pfefferminze, Lavendel\n179,00 \u20ac/100 ml   Duft\u00f6l  01750016 5 ml 8,95 \u20ac\n19,00 \u20ac/100 ml   Hautspray  10743222 50 ml 9,50 \u20ac\nKr\u00e4uterkorb  \u2022  minzig-krautig\nerfrischend, aktivierend, belebend und hautfreundlich\nDuft\u00f6l: Pfefferminze, Rosmarin, Salbei \nNaturparf\u00fcm:  Jojobawachs; Pfefferminze, Rosmarin, Salbei\n170,00 \u20ac/100 ml     Duft\u00f6l  04013732 5 ml 8,50 \u20ac\n69,50 \u20ac/100 ml     Naturparf\u00fcm Roll\u00adon  11303577 10 ml 6,95 \u20ac\nKreuzbein-Massage\u00f6l  \u2022  sinnlich  \neinmassieren oder als warme Auflage; wenn der Ischias nervt\nRingelblumen in Mandel\u00f6l, Jojobawachs, Sonnenblumen-, Nachtkerzen-, Sesam\u00f6l, \nMandarine, Rosmarin, Wacholderbeere, Jasmin\n45,00 \u20ac/100 ml    07309396 10 ml 4,50 \u20ac\n21,10 \u20ac/100 ml    01750022 50 ml 10,55 \u20ac\n16,90 \u20ac/100 ml    04014401 100 ml 16,90 \u20ac\nL\nLavendel 10 %  \u2022  krautig, klar\nJojobawachs, Lavendel\n69,50 \u20ac/100 ml   03837402 10 ml 6,95 \u20ac\nLavendelhydrolat  \u2022  krautig\n24,75 \u20ac/100 ml   00147246 20 ml 4,95 \u20ac\n10,82 \u20ac/100 ml   06343735 55 ml 5,95 \u20ac\n8,50 \u20ac/100 ml   00147252 100 ml 8,50 \u20acK\u00f6rper\u00f6l f\u00fcr die Frau  \u2022  frisch, balsamisch  \nein ausgleichender Duft zur K\u00f6rperpflege f\u00fcr Jung und Alt; auch M\u00e4nner  \nd\u00fcrfen es benutzen \nSonnenblumen-, Aloe-Vera in Mandel\u00f6l, Jojobawachs, Sesam\u00f6l, Grapefruit,  \nSandelholz, Lemongras, Litsea, Benzoe Siam\n35,00 \u20ac/100 ml    06940879 10 ml 3,50 \u20ac\n19,00 \u20ac/100 ml    06940885 50 ml 9,50 \u20ac\n14,75 \u20ac/100 ml    06940891 100 ml 14,75 \u20ac\nK\u00f6rper\u00f6l \u00bbHarmonia\u00ab  \u2022  krautig, herb, weich \nharmonisierendes Wohlf\u00fchl\u00f6l nicht nur f\u00fcr die sp\u00e4teren Jahre\nAloe-Vera in Mandel-, Aprikosenkern-, Mandel-, Sonnenblumen\u00f6l, Myrte,  \nLavendel, Cistrose, Tonkabohne\n35,00 \u20ac/100 ml    07313156 10 ml 3,50 \u20ac\n17,00 \u20ac/100 ml    09235851 50 ml 8,50 \u20ac\n12,95 \u20ac/100 ml    09235868 100 ml 12,95 \u20ac\nK\u00f6rper\u00f6l kr\u00e4ftigend  \u2022  herb, frisch, krautig  \ngibt Kraft und seelische St\u00fctze\nRingelblumen in Mandel-, Aprikosenkern-, Sonnenblumen\u00f6l, Grapefruit, Myrte, \n Atlaszeder, Neroli, Muskatellersalbei\n39,50 \u20ac/100 ml    07309321 10 ml 3,95 \u20ac\n19,90 \u20ac/100 ml    01846420 50 ml 9,95 \u20ac\n15,95 \u20ac/100 ml    04014387 100 ml 15,95 \u20ac\nK\u00f6rper\u00f6l Lavendel  \u2022  frisch, krautig \nausgleichender Duft zur Ganzk\u00f6rperpflege f\u00fcr Lavendelliebhaber\nSonnenblumen\u00f6l, Jojobawachs, Aprikosenkern-, Sesam\u00f6l, Lavendel, Douglasfichte, \nPalmarosa\n35,00 \u20ac/100 ml    09235727 10 ml 3,50 \u20ac\n17,90 \u20ac/100 ml    09235733 50 ml 8,95 \u20ac\n13,95 \u20ac/100 ml    09235756 100 ml 13,95 \u20ac\nK\u00f6rper\u00f6l trockene Haut  \u2022  leicht blumig, frisch\npflegend und entspannend\nHaselnuss\u00f6l, Rose, Ho-Sho, Rosenholz\n39,50 \u20ac/100 ml    07309338 10 ml 3,95 \u20ac\n19,90 \u20ac/100 ml    04013896 50 ml 9,95 \u20ac\n15,95 \u20ac/100 ml    04014157 100 ml 15,95 \u20ac\nKokos\u00f6l  \u2022  s\u00fc\u00dflich, fruchtig, warm\nauch zum \u00d6lziehen\n2,78 \u20ac/100 ml   17305554 250 ml 6,95 \u20ac\nZu allen Original-Stadelmann\u00ae-Aromamischungen ist ein Spr\u00fchaufsatz (Seite 58) \nlieferbar. So k\u00f6nnen Sie z. B. nach dem Duschen Ihr Lieblings \u00adK\u00f6rper\u00f6l \ndirekt auf die nasse Haut aufspr\u00fchen und dann einreiben.Unser Service f\u00fcr Apotheken\nSonderabf\u00fcllungen  von \u00e4therischen und fetten \u00d6len sind  \nauf Anfrage m\u00f6glich. Gerne k\u00f6nnen Sie auch Zertifikate gem\u00e4\u00df  \nApothekenbetriebsordnung von unserem Labor erhalten.\nK\u00f6rperemulsionen \nim Airless \u00adSpender, aufgetragen auf die mit Hydrolat befeuchtete oder \nduschnasse Haut ziehen schneller ein. Oder geben Sie Emulsion und  \nHydrolat im Verh\u00e4ltnis 2:1 in die hohle Hand und verteilen diese Mischung \nauf der Haut.\nAromamischungen mit Weizenkeim \u00ad oder/und Hanf\u00f6l k\u00f6nnen wei\u00dfe  \nW\u00e4sche f\u00e4rben. Wenn Sie die Aromamischung gut einmassieren oder auf \ndie befeuchtete Haut auftragen zieht es schneller ein. 36 Original-Stadelmann\u00ae-Aromamischungen \u2013 L L \u2022 M 37Lavendel \u00adZypressen \u00ad\u00d6l  \u2022  krautig\nMassage\u00f6l, zusammenziehend, wohltuend bei schweren und dicken Beinen, \nbei ber\u00fchrungsempfindlichen Venen vorsichtig herzw\u00e4rts einreiben\nRingelblumen in Mandel\u00f6l, ( Hautspray Sch\u00fcttel \u00adEmulsion  in Myrten-, Rosen-  \nhydrolat), Myrte, Wacholderbeere, Zypresse, Schafgarbe, Lavendel, Lemongras\n35,00 \u20ac/100 ml     09235880 10 ml 3,50 \u20ac\n19,00 \u20ac/100 ml     03837939 50 ml 9,50 \u20ac\n14,35 \u20ac/100 ml     09235897 100 ml 14,35 \u20ac\n12,30 \u20ac/100 ml    Hautspray Sch\u00fcttel\u00adEmulsion   03837916 100 ml 12,30 \u20ac\nLavendel \u00adZypressen \u00ad\u00d6l k\u00fchlend  \u2022  krautig-frisch\nMassage\u00f6l, zusammenziehend, wohltuend bei schweren und dicken Beinen, \nbei ber\u00fchrungsempfindlichen Venen vorsichtig herzw\u00e4rts einreiben\nRingelblumen in Mandel\u00f6l, ( Hautspray Sch\u00fcttel \u00adEmulsion  in Pfefferminz  -,  \nMyrtenhydrolat), Myrte, Wacholderbeere, Zypresse, Schafgarbe, Pfefferminze,  \nLavendel, Lemongras\n35,00 \u20ac/100 ml    07309410 10 ml 3,50 \u20ac\n19,00 \u20ac/100 ml    03848127 50 ml 9,50 \u20ac\n14,80 \u20ac/100 ml    03848185 100 ml 14,80 \u20ac\n12,65 \u20ac/100 ml   Hautspray Sch\u00fcttel\u00adEmulsion   03896422 100 ml 12,65 \u20ac\nLemongras \u00adIngwer  \u2022  fruchtig-w\u00fcrzig\nunterst\u00fctzend bei \u00dcbelkeit, anregend bei Kreislaufschw\u00e4che sowie  \nw\u00e4hrend Chemo- und Strahlenbehandlungen\nJojobawachs, Lemongras, Neroli, Ingwer, Angelikawurzel\n69,50 \u20ac/100 ml  Naturparf\u00fcm  07230217 10 ml 6,95 \u20ac\n75,00 \u20ac/100 ml  Naturparf\u00fcm Roll\u00adon  11303583 10 ml 7,50 \u20ac\nLippenbalsam  \u2022  krautig   \nsanfte Pflege f\u00fcr empfindliche Lippen; wohltuend bei Herpes\nAloe-Vera in Mandel\u00f6l, Jojoba-, Bienenwachs, Sheabutter, Melissenhydrolat, \n Sesam\u00f6l, Rosenhydrolat, Melisse\n83,33 \u20ac/100 ml   01750045 9 ml 7,50 \u20ac\nLippenpflege  \u2022  balsamisch  \nsanfte Pflege f\u00fcr empfindliche Lippen\nAloe-Vera in Mandel\u00f6l, Jojoba-, Bienenwachs, Sheabutter, Nerolihydrolat,  \nSesam\u00f6l, Rosenhydrolat, Benzoe Siam\n77,22 \u20ac/100 ml    01913027 9 ml 6,95 Lavendel \u00adZitrone \u00adBad  \u2022  krautig-lavendelig\nein bew\u00e4hrter Duft, auch als Zusatz ins Waschwasser f\u00fcr Kranke  \nund Bett  l\u00e4gerige; unterst\u00fctzend und wohltuend bei Fieber;  \nals Zusatz f\u00fcr k\u00fchlende Wickel\nMeersalz, Jojobawachs, Lavendel, Zitrone, Ravintsara\n6,95 \u20ac/100 ml  Badesalz  11287329 100 ml 6,95 \u20ac\n5,18 \u20ac/100 ml  Badesalz  11287335 250 ml 12,95 \u20ac\nsiehe Seite 25 Dusch & \u00d6lbad Lavendel \u00adZitrone\nLavendel \u00adZitrone \u00ad\u00d6l  \u2022  frisch, lavendelig \nein wohltuendes K\u00f6rper\u00f6l; zur Hautpflege f\u00fcr Kranke und Bettl\u00e4gerige; \nauch bei fieberhaften Erkrankungen oder als Wickelzusatz\nJojobawachs, Lavendel, Zitrone, Ravintsara\n45,00 \u20ac/100 ml     11287306 10 ml 4,50 \u20ac\n19,90 \u20ac/100 ml     11287312 50 ml 9,95 \u20acMassage\u00f6l frisch  \u2022  frisch, blumig, w\u00fcrzig  \nf\u00fcr eine sinnlich anregende Massage zu zweit\nJojobawachs, Nachtkerzen-, Sesam\u00f6l, Grapefruit, Ylang-Ylang, Ingwer, Jasmin\n39,50 \u20ac/100 ml    07309485 10 ml 3,95 \u20ac\n22,60 \u20ac/100 ml    04014648 50 ml 11,30 \u20ac\nMassage\u00f6l Marula  \u2022  krautig-herb  \nentspannend und ausgleichend f\u00fcr strapazierte Muskulatur\nNachtkerzen-, Weizenkeim-, Marula-, Mandel\u00f6l, Lavendel, Majoran, Mandarine, \nRosmarin, Thymian, Neroli \n45,00 \u20ac/100 ml    16014932 10 ml 4,50 \u20ac\n23,90 \u20ac/100 ml    16014949 50 ml 11,95 \u20ac\nMassage\u00f6l Storch  \u2022  w\u00fcrzig, aphrodisisch  \nf\u00fcr eine sinnlich anregende Partnermassage, die zu dritt enden darf\nJojobawachs, Nachtkerzen-, Sesam-, Sonnenblumen\u00f6l, Muskatellersalbei,  \nGrapefruit, Ylang-Ylang, Jasmin, Ingwer, Sandelholz\n45,00 \u20ac/100 ml    07309574 10 ml 4,50 \u20ac\n23,90 \u20ac/100 ml    02199520 50 ml 11,95 \u20ac\nMassage\u00f6l Tonka  \u2022  intensiv, krautig-balsamisch\nEin w\u00e4rmendes Massage\u00f6l f\u00fcr \u00fcberstrapazierte Muskulatur; nach dem \nSport oder k\u00f6rperlicher Anstrengung \nJohanniskraut in Oliven-, Sonnenblumen-, Arnika in Oliven\u00f6l, Tonkabohne, Caje -\nput, Atlaszeder, Kamille r\u00f6m, Bergamotte\n45,00 \u20ac/100 ml    14334561 10 ml 4,50 \u20ac\n21,90 \u20ac/100 ml    14334578 50 ml 10,95 \u20ac\nMassage\u00f6l w\u00e4rmend  \u2022  w\u00fcrzig, warm\nein w\u00e4rmendes \u00d6l an kalten Tagen; f\u00fcr kalte H\u00e4nde und F\u00fc\u00dfe ein Genuss\nArnika in Oliven-, Johanniskraut in Oliven\u00f6l, Calophyllum, Ingwer,  Pfeffer, Nelken -\nknospe, Eisenkraut Anden, Zimtrinde\n26,50 \u20ac/100 ml    10742955 30 ml 7,95 \u20ac\nMassage\u00f6l w\u00fcrzig  \u2022  m\u00e4nnlich-w\u00fcrzig  \nf\u00fcr eine sinnlich-anregende Massage\nJojobawachs, Weizenkeim-, Nachtkerzen-, Sesam\u00f6l, Pfeffer, Ingwer, Fenchel,  \nMuskatellersalbei, Bergamotte, Litsea, Vetiver\n39,50 \u20ac/100 ml     07309580 10 ml 3,95 \u20ac\n20,50 \u20ac/100 ml     01293903 50 ml 10,25 \u20acLuftikus  \u2022  s\u00fc\u00df, samtig, weich\nein S\u00e4uglings \u00ad und Kinderduft, der auch den Gro\u00dfeltern gut tut; beruhigend, \nentspannend, vor aufregenden Anl\u00e4ssen, zum Abschalten\nNaturparf\u00fcm:  Jojobawachs; Kamille r\u00f6m., Mandarine, Honigwabe, Sandelholz, \n Narde\n219,00 \u20ac/100 ml   Duft\u00f6l  01750051 5 ml 10,95 \u20ac\n79,50 \u20ac/100 ml   Naturparf\u00fcm  07309427 10 ml 7,95 \u20ac\n85,00 \u20ac/100 ml   Naturparf\u00fcm Roll\u00adon  11303608 10 ml 8,50 \u20ac\nM\nMandarinzauber  \u2022  zart-frisch, rosig-balsamisch\nein wohliger Duft zum Entspannen und Kuscheln f\u00fcr Jung und Alt\nNaturparf\u00fcm:  Jojobawachs; Mandarine, Vanille, Sandelholz, Rose\n310,00 \u20ac/100 ml   Duft\u00f6l 05996004 5 ml 15,50 \u20ac\n89,50 \u20ac/100 ml    Naturparf\u00fcm Roll\u00adon 12471124 10 ml 8,95 \u20ac\nMandel\u00f6l\n9,90 \u20ac/100 ml   07312748 50 ml 4,95 \u20ac\n7,58 \u20ac/100 ml   16230831 250 ml 18,95 \u20ac\n4,99 \u20ac/100 ml   16260080 500 ml 24,95 \u20ac\nMarula\u00f6l\n25,00 \u20ac/100 ml   16082477 50 ml 12,50 \u20ac\n19,98 \u20ac/100 ml   16084507 250 ml 49,95 \u20ac\n17,99 \u20ac/100 ml   16260097 500 ml 89,95 \u20ac\nMassage\u00f6l beruhigend  \u2022  frisch, krautig, klar\nnach dem Sport und bei akuter Muskelverspannung\nJojobawachs, Sonnenblumen-, Sesam\u00f6l, Lavendel, Majoran, Kamille r\u00f6m., Ho-Sho,  \nRosenholz\n39,50 \u20ac/100 ml    07309433 10 ml 3,95 \u20ac\n19,90 \u20ac/100 ml    04013910 50 ml 9,95 \u20ac\nMassage\u00f6l blumig  \u2022  blumig, aphrodisisch  \nf\u00fcr eine sinnliche Partnermassage\nJojobawachs, Nachtkerzen-, Sesam\u00f6l, Sandelholz, Rose, Bergamotte, Ylang-Ylang, \nJasmin\n55,00 \u20ac/100 ml    07309462 10 ml 5,50 \u20ac\n35,00 \u20ac/100 ml    04014619 50 ml 17,50 \u20ac\nMassage\u00f6l entspannend  \u2022  krautig, weich, blumig\nf\u00fcr eine wohltuende Massage in Wachstumsphasen\nAprikosenkern-, Mandel-, Sonnenblumen\u00f6l, Mandarine, Lavendel, Fenchel, Kamille \nr\u00f6m., Ho-Sho, Neroli, Rosenholz\n35,00 \u20ac/100 ml     07309479 10 ml 3,50 \u20ac\n19,00 \u20ac/100 ml     04013927 50 ml 9,50 \u20ac\n\u00a9 M\u00fcller LaTisane \nLavendel aus Wildsammlung, Frankreich \nWechseln Sie bei der Hautpflege \u00f6fter mal Ihre Aromamischung oder das \nHydrolat, damit Ihre Haut immer wieder neue zarte Duftreize erf\u00e4hrt \nund aktiv bleibt.38 Original-Stadelmann\u00ae-Aromamischungen \u2013 M M \u2022 N \u2022 O 39Melissen \u00adTeebaum \u00ad\u00d6l  \u2022  krautig-frisch\nK\u00f6rper\u00f6l, pflegend, beruhigend, entspannend, wohltuend bei zu Juckreiz \nneigender, empfindlicher Haut; \u00bbbevor Sie aus der Haut fahren\u00ab\nAloe-Vera in Mandel\u00f6l, Lavendel, Melisse, Manuka, Teebaum;  \nHautspray Sch\u00fcttel \u00adEmulsion:  Aloe-Vera in Raps\u00f6l, Melissen-, Teebaumhydrolat, \nLavendel, Melisse, Manuka, Teebaum\n45,00 \u20ac/100 ml    07313179 10 ml 4,50 \u20ac\n23,00 \u20ac/100 ml    01750080 50 ml 11,50 \u20ac\n21,00 \u20ac/100 ml   Hautspray Sch\u00fcttel\u00adEmulsion   07312808 50 ml 10,50 \u20ac\nMens-Massage\u00f6l  \u2022  krautig, blumig\nerleichtert die Frauentage, vorbeugend Bauch und Kreuzbein einmassieren \nNachtkerzen-, Ringelblumen in Mandel\u00f6l, Jojobawachs, Sesam\u00f6l, Muskateller-  \nsalbei, Kamille r\u00f6m., Majoran, Ho-Sho, Melisse, Rosenholz\n90,00 \u20ac/100 ml   02213680 5 ml 4,50 \u20ac\n36,50 \u20ac/100 ml   01750097 30 ml 10,95 \u20ac\nMotivationsduft  \u2022  frisch, anregend\nf\u00f6rdert die Konzentration: in der Schule, bei den Hausaufgaben, im B\u00fcro  \nund unterwegs im Auto\nNaturparf\u00fcm:  Jojobawachs; Grapefruit, Rosmarin, Ingwer, Atlaszeder, Koriander\n159,00 \u20ac/100 ml  Duft\u00f6l  06941005 5 ml 7,95 \u20ac\n63,00 \u20ac/100 ml  Naturparf\u00fcm  06941011 10 ml 6,30 \u20ac\n69,50 \u20ac/100 ml  Naturparf\u00fcm Roll\u00adon  11303614 10 ml 6,95 \u20ac\nMundpflege\u00f6l Sanddorn  \u2022  krautig, blumig \nein wohltuendes Mund\u00f6l f\u00fcr Pflegebed\u00fcrftige; ideal auch zur Pflege  \nder Mundschleimhaut; kann Z\u00e4hne gelb f\u00e4rben\nAloe-Vera in Mandel-, Sanddorn\u00f6l, Lavendel, Rosengeranie, Immortelle, Neroli, Rose\n69,50 \u20ac/100 ml    10073595 10 ml 6,95 \u20ac\nMundpflege\u00f6l St. Elisabeth  \u2022  w\u00fcrzig-frisch\nein wohltuendes Mund\u00f6l nach Gabi Dorner f\u00fcr Pflegebed\u00fcrftige; ideal auch \nzur Pflege der Mundschleimhaut von Prothesentr\u00e4gern; beruhigt das emp -\nfindliche Zahnfleisch\nMandel\u00f6l, Zitrone, Rose, Nelkenknospe\n67,50 \u20ac/100 ml    06940916 10 ml 6,75 \u20acMelisse 10 %  \u2022  zitronenartig, frisch, krautig\nJojobawachs, Melisse\n159,50 \u20ac/100 ml   04014826 10 ml 15,95 \u20ac\nMelissenbalsam  \u2022  zitronig, krautig  \nf\u00fcr die Brustpflege in der Stillzeit; f\u00fcr gereizte Hautpartien, nach Insekten\u00ad\nstichen, zur Haarspitzenpflege\nAloe-Vera in Mandel\u00f6l, Jojobawachs, Bienenwachs, Sheabutter, Melissenhydrolat,  \nSesam\u00f6l, Melisse, Rosenhydrolat\n59,67 \u20ac/100 ml    04013933 15 ml 8,95 \u20ac\nMelissenhydrolat  \u2022  krautig-herb\n29,75 \u20ac/100 ml   00147938 20 ml 5,95 \u20ac\n13,64 \u20ac/100 ml   04014571 55 ml 7,50 \u20ac\n8,95 \u20ac/100 ml   00147944 100 ml 8,95 \u20acNarbenpflegecreme  \u2022  fein-blumig, krautig  \nzur Pflege unelastischer Haut\nAloe-Vera in Mandel\u00f6l, Jojoba-, Bienenwachs, Sheabutter, Melissenhydrolat,  \nSesam\u00f6l, Melisse, Rosenhydrolat, Lavendel, Muskatellersalbei, Neroli,  \nRosengeranie, Rose\n83,33 \u20ac/100 ml     02200878 9 ml 7,50 \u20ac\n46,50 \u20ac/100 ml    02200915 30 ml 13,95 \u20ac\nNarbenpflege\u00f6l  \u2022  krautig, kr\u00e4ftig \nzur punktuellen Massage unelastischer Haut\nJohanniskraut in Oliven-, Weizenkeim-, Nachtkerzen-, Hanf\u00f6l, Rose, Neroli,  \nMuskatellersalbei\n99,00 \u20ac/100 ml     02200128 5 ml 4,95 \u20ac\n54,75 \u20ac/100 ml     02200861 20 ml 10,95 \u20ac\nNasensalbe  \u2022  Medizinprodukt  \neignet sich hervorragend zur Befeuchtung und physikalischen Behandlung  \ntrockener und gesch\u00e4digter Nasenschleimhaut\nAloe-Vera in Mandel-, Hanf\u00f6l, Sojalecithin, Wollwachs, Orange\n88,33 \u20ac/100 ml   12483831 9 ml 7,95 \u20ac\n66,33 \u20ac/100 ml    14266859 15 ml 9,95 \u20ac\nNeroli 10 %  \u2022  intensiv, zart blumig, s\u00fc\u00dflich\nJojobawachs, Neroli\n169,50 \u20ac/100 ml   04014849 10 ml 16,95 \u20ac\nNerolihydrolat  \u2022  blumig-frisch\n27,50 \u20ac/100 ml   10047592 20 ml 5,50 \u20ac\n11,82 \u20ac/100 ml   10047600 55 ml 6,50 \u20ac\n8,90 \u20ac/100 ml   10047617 100 ml 8,90 \u20ac\nNeroli \u00adYlang Hydrolat  \u2022  s\u00fc\u00df, blumig-rosig\nZur Hautbefeuchtung und Intimpflege f\u00fcr Erwachsene, die s\u00fc\u00dfe und kostbare \nDuftnoten lieben; stimmungsaufhellend an einsamen, tristen Tagen\nRosen-, Nerolihydrolat, Neroli, Ylang-Ylang, Rose\n37,50 \u20ac/100 ml      Hautspray 14334437 20 ml 7,50 \u20ac\n17,27 \u20ac/100 ml   Hautspray 13718259 55 ml 9,50 \u20ac\nsiehe Seite 32 Intimpflege\nO\nOhren\u00f6l  \u2022  Medizinprodukt\neignet sich hervorragend zur Anwendung im Geh\u00f6rgang, um die bestim -\nmungsgem\u00e4\u00dfe Anwendung eines H\u00f6rger\u00e4tes zu unterst\u00fctzen\nHanf-, Sesam\u00f6l, Orange\n95,00 \u20ac/100 ml   12483825 10 ml 9,50 \u20acMundpflegespray  \u2022  zart-krautig  \n\u00f6liges Mundwasser zur Befeuchtung trockener Schleimh\u00e4ute; zur Pflege der \nMundschleimhaut von Pro  thesentr\u00e4gern und bei empfindlichem Zahnfleisch\nRosenhydrolat, Aloe-Vera in Raps\u00f6l, Niaouli, Ravintsara, Manuka\n32,50 \u20ac/100 ml   Pumpspray Sch\u00fcttel\u00adEmulsion   06940922 20 ml 6,50 \u20ac\n17,90 \u20ac/100 ml   Pumpspray Sch\u00fcttel\u00adEmulsion   05458867 50 ml 8,95 \u20ac\nMundpflegespray Myrte  \u2022  zitronig-frisch  \n\u00f6liges Mundwasser zur Befeuchtung trockener Schleimh\u00e4ute; zur Pflege der \nMundschleimhaut von Pro  thesentr\u00e4gern und bei empfindlichem Zahnfleisch\nAloe-Vera in Raps\u00f6l , Myrten-, Rosenhydrolat, Zitrone, Melisse, Immortelle, Myrte\n33,75 \u20ac/100 ml   Pumpspray Sch\u00fcttel\u00adEmulsion   09235762 20 ml 6,75 \u20ac\n19,90 \u20ac/100 ml   Pumpspray Sch\u00fcttel\u00adEmulsion   09235779 50 ml 9,95 \u20ac\nMuskatellersalbei 10 %  \u2022  warm, krautig, s\u00fc\u00df, streng\nJojobawachs, Muskatellersalbei\n77,50 \u20ac/100 ml    04014832 10 ml 7,75 \u20ac\nMyrtenhydrolat  \u2022  kl\u00e4rend-frisch, erfrischend\n22,50 \u20ac/100 ml   00147950 20 ml 4,50 \u20ac\n10,00 \u20ac/100 ml   03837520 55 ml 5,50 \u20ac\n7,50 \u20ac/100 ml   00147967 100 ml 7,50 \u20ac\nMyrte \u00adRosengeranie \u00ad\u00d6l  \u2022  leicht blumig, krautig, erfrischend\nf\u00fcr eine gute Kommunikation, bei Hausaufgaben, B\u00fcroarbeit, bei T eamsitzungen, \nim Krankenzimmer; zusammenziehend, festigend; bei empfindlichem Zahnfleisch\nMyrte, Rosengeranie\n170,00 \u20ac/100 ml   Naturparf\u00fcm  00704907 5 ml 8,50 \u20ac\nMyrte \u00adZeder Hydrolat  \u2022  herb, krautig-holzig\nnicht nur f\u00fcr M\u00e4nner ein beruhigender und ausgleichender Duft;  \nkann auch als Geruchsbinder dienen; auch als Eau de Toilette, Rasierwasser \noder Raumspray\nWeihrauch-, Myrtenhydrolat, Ethanol, Myrte, Atlaszeder, Vetiver, Lavendel\n13,90 \u20ac/100 ml   Hautspray  14465180 50 ml 6,95 \u20ac\nN\nNachtkerzen\u00f6l  \u2022  kaltgepresst  8 \u2013 10 % GAL\n25,90 \u20ac/100 ml   03837359 50 ml 12,95 \u20ac\n21,95 \u20ac/100 ml   16014990 100 ml 21,95 \u20ac\nNagelpflege\u00f6l  \u2022  fruchtig-balsamisch \nzur Massage von Nagel und Nagelhaut\nWildrosen-, Baobab-, Ringelblumen in Mandel-, Sonnenblumen\u00f6l, Tonkabohne,  \nMandarine, Bergamotte, Sandelholz, Rosengeranie\n69,50 \u20ac/100 ml   14334584 10 ml 6,95 \u20ac\n\u00a9 Ampertaler Natur\u00f6le\nMelisse aus Bayern\nBuchtipp ! Ingeborg Stadelmann\nAromapflege \u2013 praktische Aromatherapie \nf\u00fcr den Pflege- und Familienalltag\nEin Ratgeber f\u00fcr den Hausgebrauch ebenso \nwie f\u00fcr die station\u00e4re Pflege.\n15 Anwendungsbereiche von Kopf bis Fu\u00df, \nvon au\u00dfen (Haut) nach innen (Psyche).\nWeitere B\u00fccher finden Sie ab Seite 67.P \u2022 R 41 40 Original-Stadelmann\u00ae-Aromamischungen \u2013 O \u2022 PP\nPalmarosa \u00adLymph\u00f6l   \u2022  frisch, krautig, leicht herb  \nK\u00f6rper\u00f6l zur Pflege bei Lymph\u00f6demen\nRingelblumen in Mandel-, Aloe-Vera in Mandel-, Sanddorn\u00f6l*, Palmarosa, Zypresse, \nImmortelle, Cistrose, Benzoe Siam, Wacholderbeere (*Sanddorn\u00f6l kann die W\u00e4sche verf\u00e4rben)\n35,00 \u20ac/100 ml     05458821 10 ml 3,50 \u20ac\n17,90 \u20ac/100 ml     05458838 50 ml 8,95 \u20ac\n14,95 \u20ac/100 ml     05458844 100 ml 14,95 \u20ac\nPfefferminzhydrolat  \u2022  krautig-frisch\n22,50 \u20ac/100 ml   00147915 20 ml 4,50 \u20ac\n10,82 \u20ac/100 ml   03429175 55 ml 5,95 \u20ac\n7,50 \u20ac/100 ml   00147921 100 ml 7,50 \u20ac\nNicht im Augen \u00ad und Vaginalbereich anwenden\nPfefferminz \u00adLitsea Hydrolat  \u2022  zitronig, minzig frisch\nein erfrischendes, k\u00fchlendes und anregendes Spray f\u00fcr Schulkinder und \nErwachsene an m\u00fcden und hei\u00dfen Tagen; wohltuend in der Venenpflege; \nauch als Rasierwasser oder Hautspray\nPfefferminz-, Rosmarinhydrolat, Pfefferminze, Rosmarin, Litsea, Nanaminze\n12,64 \u20ac/100 ml    Hautspray 13724981 55 ml 6,95 \u20ac\nPflegecreme mit Baobab  \u2022  frisch-samtig  \neine erfrischende und pflegende Creme bei trockener oder strapazierter \nHaut zur Ganzk\u00f6rperpflege; idealerweise immer auf die mit Hydrolat  \nbefeuchtete oder noch duschnasse Haut auftragen\nAloe-Vera in Mandel-, Baobab\u00f6l, Woll-, Bienenwachs, Sheabutter, Rosenhydrolat,  \nSesam\u00f6l, Litsea, Benzoe Siam\n50,00 \u20ac/100 ml    16084542 15 ml 7,50 \u20ac \n31,67 \u20ac/100 ml    10047439 30 ml 9,50 \u20ac \n18,50 \u20ac/100 ml    10047445 70 ml 12,95 \u20ac\nPflege\u00f6l angegriffene Haut  \u2022  leicht herb, krautig\nein K\u00f6rper\u00f6l, wenn Sinne und Haut \u00fcberreizt sind; f\u00fcr alle Alters- und  \nLebensphasen eine Wohltat\nRingelblumen in Mandel-, Sonnenblumen-, Nachtkerzen\u00f6l, Rose, Kamille r\u00f6m.\n35,00 \u20ac/100 ml   12475984 10 ml 3,50 \u20ac\n17,00 \u20ac/100 ml   12475990 50 ml 8,50 \u20ac\n12,95 \u20ac/100 ml   12476021 100 ml 12,95 \u20ac\nPflege\u00f6l HFS  \u2022  frisch, krautig, leicht herb \nbegleitend zur Pflege bei Hand \u00ad und Fu\u00dfsyndrom; auch bei irritierter Haut \n infolge von Nervenreizungen und diabetischem Fu\u00df\nHanf-, Johanniskraut in Oliven-, Nachtkerzen\u00f6l, Palmarosa, Immortelle, Rose\n24,33 \u20ac/100 ml    09933012 30 ml 7,30 \u20ac\n19,90 \u20ac/100 ml    09933029 50 ml 9,95 \u20acOliven\u00f6l\n7,00 \u20ac/100 ml   06940980 50 ml 3,50 \u20ac\n3,98 \u20ac/100 ml   16230848 250 ml 9,95 \u20ac\n2,59 \u20ac/100 ml   16260105 500 ml 12,95 \u20ac\n\u00d6lziehkur Immortelle  \u2022  herb, zart-minzig\nf\u00fcr die morgendliche Mundsp\u00fclung vor dem Z\u00e4hneputzen; auch begleitend  \nbei Mundschleimhauterkrankungen \nSonnenblumen\u00f6l, Zitrone, Nanaminze, Melisse, Immortelle, Wacholderbeere\n21,00 \u20ac/100 ml   09932975 30 ml 6,30 \u20ac\n11,95 \u20ac/100 ml   09932981 100 ml 11,95 \u20ac\n\u00d6lziehkur Zitrone  \u2022  minzig-frisch\nf\u00fcr die morgendliche Mundsp\u00fclung vor dem Z\u00e4hneputzen; auch begleitend  \nbei Mundschleimhauterkrankungen \nSonnenblumen\u00f6l, Nanaminze, Zitrone, Wacholderbeere\n19,83 \u20ac/100 ml   09932998 30 ml 5,95 \u20ac\n10,95 \u20ac/100 ml   09933006 100 ml 10,95 \u20acPflege\u00f6l zum Hautschutz  \u2022  grasig, typisch Teebaum \nauch zur Pflege bei wunder irritierter Haut auf betroffene Hautstellen  \nauftragen\nJojobawachs, Lavendel, Teebaum, Palmarosa\n45,00 \u20ac/100 ml    16014866 10 ml 4,50 \u20ac\n19,90 \u20ac/100 ml    16014843 50 ml 9,95 \u20ac\n14,95 \u20ac/100 ml    16014872 100 ml 14,95 \u20ac \nPflegewohl \u00ad\u00d6l  \u2022  krautig, zart-lavendelig  \nMassage\u00f6l f\u00fcr die t\u00e4gliche Verwendung im Pflegealltag; zur Pflege  \nirritierter Haut\nJohanniskraut in Oliven-, Aloe-Vera in Mandel\u00f6l, Calophyllum, Lavendel, Cistrose, \nImmortelle, Manuka\n45,00 \u20ac/100 ml    07309597 10 ml 4,50 \u20ac\n19,90 \u20ac/100 ml    01293872 50 ml 9,95 \u20ac\n15,90 \u20ac/100 ml    01293889 100 ml 15,90 \u20ac\nPurzelbaum\u00f6l  \u2022  blumig, weich\nBauchmassage\u00f6l zur Unterst\u00fctzung der \u00bbIndischen Br\u00fccke\u00ab, um das Kind \nzur Kopflage zu bewegen; ein sinnliches Partnermassage\u00f6l\nMandel\u00f6l, Jojobawachs, Sesam\u00f6l, Atlaszeder, Ylang-Ylang, Lavendel, Rose,  \nSchafgarbe\n90,00 \u20ac/100 ml    03910174 5 ml 4,50 \u20ac\n49,75 \u20ac/100 ml    03837543 20 ml 9,95 \u20ac\nR\nRasierwasser frisch  \u2022  krautig, frisch\nberuhigt und erfrischt die gereizte Haut nach der Rasur\nNerolihydrolat, Ethanol, Rosenhydrolat, Limette, Myrte, Atlaszeder, Sandelholz, \nLitsea, Vetiver, Lavendel\n21,90 \u20ac/100 ml   Hautspray  10743245 50 ml 10,95 \u20ac\nRasierwasser herb  \u2022  herb, krautig\nberuhigt die empfindliche Haut nach der Rasur\nMelissenhydrolat, Ethanol, Rosenhydrolat, Douglasfichte, Wei\u00dftanne, Atlaszeder, \nLatschenkiefer, Tonkabohne, Johanniskraut, Vetiver, Lavendel\n 21,90 \u20ac/100 ml  Hautspray  10743251 50 ml 10,95 \u20ac\nRaumd\u00fcfte  k\u00f6nnen auch als Vorhang \u00ad oder Kissenspray verwendet  \nwerden. Testen Sie an einer unauff\u00e4lligen Stelle der Textilie. \nRaumduft Andensonne  \u2022  zitronig, krautig, kl\u00e4rend\nverzaubert stickige R\u00e4ume mit den klaren sonnigen D\u00fcften der Anden\nAtlaszeder, Eisenkraut Anden, Eukalyptus globulus, Grapefruit, Lavendel, Limette, \nMyrte, Weihrauch, Myrten-, Rosenhydrolat, Ethanol\n19,90 \u20ac/100 ml   Raumspray  10743268 50 ml 9,95 \u20acRaumduft Bergamotte \u00adNeroli  \u2022  fruchtig-frisch, leicht blumig\nzur Raumluftverbesserung f\u00fcr alle Altersgruppen, vermittelt an dunklen \nTagen eine positive Stimmung\nBergamotte, Grapefruit, Lavendel, Neroli, Wasser, Ethanol\n19,00 \u20ac/100 ml  Raumspray  16015009 50 ml 9,50 \u20ac\nRaumduft Iris-Weihrauch  \u2022  herb, rosig-weich \nder kostbare Duft f\u00fcr die Iris \u00ad und Rosenliebhaber/innen; ein Geruchsbinder \nf\u00fcr besondere Lebensphasen\nBenzoe Siam, Iris, Lavendel, Rose, Weihrauch, Myrten-, Salbei-, Weihrauchhydrolat, Ethanol\n25,00 \u20ac/100 ml   Raumspray  13718265 50 ml 12,50 \u20ac\nRaumduft Jasmin \u00adOrange  \u2022  schwer, blumig-s\u00fc\u00df   \nf\u00fcr entspannende und sinnliche Stunden; ideal auch zur Geburtsvorberei -\ntung; Der Spray verzaubert das Zimmer in einen s\u00fc\u00dfen Orangenhain, Kinder \nbezeichnen es als ihren \u201eFeentraum\u201c\nBergamotte, Jasmin, Lavendel, Orange, Sandelholz, Neroli-, Rosenhydrolat, Ethanol \n19,90 \u20ac/100 ml  Raumspray  16907653 50 ml 9,95 \u20ac\nRaumduft Kr\u00e4utergarten  \u2022  frisch, krautig, leicht herb\nzur Raumluftverbesserung; bew\u00e4hrt in der Kranken\u00ad, Alten\u00ad und Palliativpflege\nAngelikawurzel, Grapefruit, Lavendel, Manuka, Niaouli, Thymian, Vetiver,  \nMyrten-, Rosenhydrolat, Ethanol\n17,90 \u20ac/100 ml   Raumspray  10743274 50 ml 8,95 \u20ac\nRaumduft Rosengeranie  \u2022  fruchtig, klar, blumig\nf\u00fcr eine gute Kommunikation; bei Hausaufgaben, B\u00fcroarbeit und T eamsitzung\nGrapefruit, Lavendel, Myrte, Rosengeranie, Myrten-, Rosenhydrolat, Ethanol\n21,90 \u20ac/100 ml  Raumspray  10743280 50 ml 10,95 \u20ac\nRaumduft Sandm\u00e4nnchen  \u2022  fruchtig-s\u00fc\u00df \nberuhigender Kuschelduft\nFenchel, Lavendel, Orange, Zirbelkiefer, Lavendel-, Neroli-, Rosenhydrolat, Ethanol\n19,90 \u20ac/100 ml   Raumspray  16014984 50 ml 9,95 \u20ac\nRaumduft Thymian \u00adZitrone  \u2022  herb, krautig\nzur Verbesserung der Raumluft in der Erk\u00e4ltungszeit\nAngelikawurzel, Atlaszeder, Douglasfichte, Lavendel, Thymian, Zitrone, Myrten-, \nRosenhydrolat, Ethanol\n23,90 \u20ac/100 ml   Raumspray  10743297 50 ml 11,95 \u20ac\nRaumduft Waldfrische  \u2022  klar-frisch, kl\u00e4rend  NEU  \nZirben- und Tannenduft verbessert das Raumklima, f\u00f6rdert das Durch- \natmen, die Konzentration und Achtsamkeit\nAtlaszeder, Douglasfichte, Fichtennadel, Lavendel, Sandelholz, Wei\u00dftanne, Zirbel -\nkiefer, Wei\u00dftannenhydrolat, Ethanol\n17,00 \u20ac/100 ml     17592594  50 ml 8,50 \u20ac\nEisenkrauternte in den Anden\n\u00a9 Primavera life\nR \u2022 S 43 42 Original-Stadelmann\u00ae-Aromamischungen \u2013 RRose Iranisch 1 %  \u2022  zart blumig-weich\nJojobawachs, Rose\n65,00 \u20ac/100 ml   11303531 10 ml 6,50 \u20ac\nRosenbalsam  \u2022  zart rosig  \nzarter Schutz f\u00fcr empfindliche und gereizte Haut; ideal zur Augenlidpflege \n sowie zur Haarspitzenpflege\nAloe-Vera in Mandel\u00f6l, Jojoba-, Bienenwachs, Sheabutter, Rosenhydrolat, Sesam\u00f6l, Rose\n88,33 \u20ac/100 ml     04014051 9 ml 7,95 \u20ac\n66,33 \u20ac/100 ml     10750877 15 ml 9,95 \u20ac\nRosengarten  \u2022  klar, holzig, blumig\nkl\u00e4rend, erdend, sinnlich, sch\u00fctzend \nJojobawachs, Lavendel, Atlaszeder, Rose\n119,50 \u20ac/100 ml    Naturparf\u00fcm  16015015 10 ml 11,95 \u20ac\n125,00 \u20ac/100 ml    Naturparf\u00fcm Roll\u00adon  11303620 10 ml 12,50 \u20ac\nRosengeranie \u00adLavendel \u00adMassage\u00f6l  \u2022  blumig, weich\nberuhigend und entspannend; mit Quarkwickel oder als \u00d6lkom  presse,  \nbew\u00e4hrt in der Stillzeit\nRingelblumen in Mandel\u00f6l, Jojobawachs, Walnuss-, Sesam\u00f6l, Weihrauch, Lavendel, \nRosengeranie, Rose\n39,50 \u20ac/100 ml    07309611 10 ml 3,95 \u20ac\n21,90 \u20ac/100 ml    04014074 50 ml 10,95 \u20ac\nRosengeranie \u00adLavendel \u00ad\u00d6l  \u2022  blumig, weich\nk\u00fchlend, beruhigend, entspannend; mit Quarkwickel in der Stillzeit;  \nerg\u00e4nzender Zusatz zur Zahnfleischpflege und Mundhygiene\nWeihrauch, Lavendel, Rosengeranie, Rose\n315,00 \u20ac/100 ml   Naturparf\u00fcm  04014080 5 ml 15,75 \u20ac\nRosengeranienhydrolat  \u2022  frisch-blumig  \n29,75 \u20ac/100 ml   14350844 20 ml 5,95 \u20ac\n15,00 \u20ac/100 ml   14350850 55 ml 7,50 \u20ac\n9,50 \u20ac/100 ml   14350867 100 ml 9,50 \u20ac\nRosenhydrolat Rose alba   \u2022  blumig-weich, erfrischend\n27,50 \u20ac/100 ml   00147217 20 ml 5,50 \u20ac\n12,64 \u20ac/100 ml   01750482 55 ml 6,95 \u20ac\n8,95 \u20ac/100 ml   00147223 100 ml 8,95 \u20acRingelblumen in Mandel\u00f6l\n11,00 \u20ac/100 ml   01327016 50 ml 5,50 \u20ac\n7,18 \u20ac/100 ml   16230854 250 ml 17,95 \u20ac\n5,19 \u20ac/100 ml   16260068 500 ml 25,95 \u20ac\nRingelblumensalbe  \u2022  balsamisch   \nenth\u00e4lt keine \u00e4therischen \u00d6le; zur Pflege von wunder, irritierter Haut, nicht \nnur f\u00fcr den Babypo\nRingelblumen in Mandel\u00f6l, Wollwachs, Ringelblumentinktur, Bienenwachs\n39,67 \u20ac/100 ml     04014418 15 ml 5,95 \u20ac\n28,33 \u20ac/100 ml     01750134 30 ml 8,50 \u20ac\n14,13 \u20ac/100 ml     06940951 120 ml 16,95 \u20ac\nRose Afghanisch 1 %  \u2022  blumig-weich\nJojobawachs, Rose\n65,00 \u20ac/100 ml   10116212 10 ml 6,50 \u20acS \nSalbeihydrolat  \u2022  krautig \u00adfrisch, typisch\n23,50 \u20ac/100 ml   13346697 20 ml 4,70 \u20ac\n10,55 \u20ac/100 ml   13346711 55 ml 5,80 \u20ac\n7,30 \u20ac/100 ml   13346728 100 ml 7,30 \u20ac\nSalbei \u00adZypressen \u00ad\u00d6l  \u2022  minzig-frisch  \nK\u00f6rper\u00f6l, k\u00fchlend, zusammenziehend; bei starkem Schwitzen,  \nbei Beendigung der Stillzeit pur oder mit Quarkwickel\nAloe-Vera in Mandel\u00f6l, Salbei, Zypresse, Nanaminze, Zitrone\n79,00 \u20ac/100 ml     02201116 5 ml 3,95 \u20ac\n34,75 \u20ac/100 ml     02201122 20 ml 6,95 \u20ac\nSanddorn\u00f6l  \u2022  Fruchtfleisch\u00f6l\n64,75 \u20ac/100 ml   05458979 20 ml 12,95 \u20ac\nSandelholz 10 %  \u2022  weich, balsamisch-warm, holzig\nJojobawachs, Sandelholz\n99,50 \u20ac/100 ml   04014950 10 ml 9,95 \u20ac\nSandelholz-Sitzbad  \u2022  krautig, balsamisch\nwohltuend, entspannend; zur Pflege nach Verk\u00fchlungen oder Sitzen auf  \nkalten Fl\u00e4chen\nMeersalz, Jojobawachs, Lavendel, Sandelholz, Bergamotte, Rose, Schafgarbe\n7,95 \u20ac/100 ml     03837537 100 ml 7,95 \u20ac\nSandm\u00e4nnchen  \u2022  fruchtig-frisch\nentspannend, beruhigend; hilft den Tag zu verdauen\nNaturparf\u00fcm:  Jojobawachs; Orange, Lavendel, Zirbelkiefer, Fenchel\n102,00 \u20ac/100 ml    Duft\u00f6l  01750186 10 ml 10,20 \u20ac\n63,00 \u20ac/100 ml    Naturparf\u00fcm  05459275 10 ml 6,30 \u20ac\n68,00 \u20ac/100 ml    Naturparf\u00fcm Roll\u00adon  11303637 10 ml 6,80 \u20acRosen-K\u00f6rper\u00f6l  \u2022  blumig, rosig\nsinnlich ausgleichend\nJojobawachs, Sesam-, Granatapfelsamen-, Wildrosen\u00f6l, Rosengeranie, Rose\n45,00 \u20ac/100 ml     07309605 10 ml 4,50 \u20ac\n29,80 \u20ac/100 ml     02201079 50 ml 14,90 \u20ac\n24,90 \u20ac/100 ml     02201091 100 ml 24,90 \u20ac\nRosen \u00adSpray  \u2022  der Duft eines Rosenmeers\nLavendel, Rose, Rosenhydrolat, Ethanol\n21,80 \u20ac/100 ml    Raumspray  10743305 50 ml \n10,90 \u20ac\nRose-Teebaum-Balsam  \u2022  stark krautig, w\u00fcrzig\n\u00e4u\u00dferlich f\u00fcr alle F\u00e4lle; d\u00fcnn auftragen, bei Babys zweimal t\u00e4glich\nWollwachs, Lavendel, Ringelblume in Mandel-, Johanniskraut in Oliven\u00f6l,  \nTeebaum, Kamille, Rose\n66,33 \u20ac/100 ml     01750157 15 ml 9,95 \u20ac\n46,50 \u20ac/100 ml     04014453 30 ml 13,95 \u20ac\nRose\u00adTeebaum \u00adEssenz  \u2022  krautig, herb, erdig\nstets griffbereit halten f\u00fcr alle F\u00e4lle; auch 1 \u2013 2 Mal unverd\u00fcnnt auf die Haut \nauftragbar; zur Anwendung in Shampoos, f\u00fcr Kompressen, Sp\u00fclungen;  \ngeh\u00f6rt in jede Hausapotheke\nLavendel, Manuka, Teebaum, Rose\n210,00 \u20ac/100 ml    Naturparf\u00fcm  01750140 5 ml 10,50 \u20ac\n165,00 \u20ac/100 ml    Naturparf\u00fcm  04014476 10 ml 16,50 \u20ac\nRose\u00adTeebaum \u00adHydrolat  \u2022  krautig, herb, erdig\nzur Pflege bei Problemhaut, z. B. im Windelbereich oder zur Intimpflege\nRosen-, Teebaum-, Immortellenhydrolat, Lavendel, Teebaum, Manuka, Rose\n34,75 \u20ac/100 ml     Hautspray 11878036 20 ml 6,95 \u20ac\n18,09 \u20ac/100 ml    Hautspray  10743311 55 ml 9,95 \u20ac\n14,95 \u20ac/100 ml    NEU  Hautspray  17592602   100 ml 14,95 \u20ac\nRosmarinhydrolat  \u2022  krautig-anregend, erfrischend\n24,75 \u20ac/100 ml   00147973 20 ml 4,95 \u20ac\n10,00 \u20ac/100 ml   06343741 55 ml 5,50 \u20ac\n7,50 \u20ac/100 ml   00148369 100 ml 7,50 \u20ac\nNicht im Augen \u00ad und Vaginalbereich anwenden\nRumpelstilzchen  \u2022  warm, fr\u00f6hlich\nf\u00fcr Kindergarten, Feste und lustige Gelegenheiten\nGrapefruit, Mandarine, Zimtrinde\n89,50 \u20ac/100 ml  Duft\u00f6l  01750163 10 ml 8,95 \u20acRosen\u00f6lmischungen \nBei allen Rosen\u00f6lprodukten kann durch Zugabe von 2 \u2013 3 Tropfen  \nRose 1 % der Duft intensiviert werden.\nHydrolate  / Pflanzenw\u00e4sser\nUnsere erfrischenden alkoholfreien  Hydrolate werden im \nhauseigenen Labor auf Keime gepr\u00fcft. Eine sterile Abf\u00fcllung \nsowie ein Bakterienfilter  im Spr\u00fchkopf verl\u00e4ngern die Auf -\nbrauchfrist. Hydrolate empfehlen sich zus\u00e4tzlich zu allen K\u00f6r -\nperpflegeprodukten sowie Gesichtscremes, um der Haut \nausreichend Feuchtigkeit zuzuf\u00fchren. Sie eignen sich au\u00dfer -\ndem zur Reinigung der Gesichtshaut, als Rasierwasser, zum \nFeuchthalten und zur Sp\u00fclung von Wunden.\nDestillation der Rosa alba in Bulgarien\nS \u2022 T 45 44 Original-Stadelmann\u00ae-Aromamischungen \u2013 SSauna\u00f6l  \u2022  krautig, w\u00fcrzig, holzig\neinige Tropfen in die Wasserkelle geben\nEisenkraut Anden, Grapefruit, Salbei, Wacholderbeere, Zirbelkiefer\n179,00 \u20ac/100 ml   Duft\u00f6l  01750192 5 ml 8,95 \u20ac\nSchlafm\u00fctze  \u2022  balsamisch, mit Honignote\nwohltuend zu Beginn der Nachtruhe, w\u00e4hrend n\u00e4chtlicher Wachphasen \noder einfach zum Abschalten\nSonnenblumen\u00f6l, Jojobawachs, Sesam\u00f6l, Weihrauch, Palmarosa, Honigwabe, Im -\nmortelle, Narde\n63,00 \u20ac/100 ml    Naturparf\u00fcm  16015021 10 ml 6,30 \u20ac\n69,50 \u20ac/100 ml     Naturparf\u00fcm Roll\u00adon  11303471 10 ml 6,95 \u20ac\n34,17 \u20ac/100 ml    Naturparf\u00fcm  16015038 30 ml 10,25 \u20ac\nSchwangerschaftsstreifen\u00f6l  \u2022  frisch, krautig \nK\u00f6rper\u00f6l zur Vorbeugung, regelm\u00e4\u00dfige Anwendung erforderlich\nMandel-, Sonnenblumen-, Weizenkeim-, Nachtkerzen-, Hanf\u00f6l, Lavendel, Neroli, \nRose, Ho-Sho, Rosenholz\n39,50 \u20ac/100 ml    07309640 10 ml 3,95 \u20ac\n21,90 \u20ac/100 ml    01750223 50 ml 10,95 \u20ac\n16,95 \u20ac/100 ml    04019769 100 ml 16,95 \u20ac\nSesam\u00f6l\nauch zum \u00d6lziehen \n7,80 \u20ac/100 ml   09933070 50 ml 3,50 \u20ac \nSheabutter bio\n11,00 \u20ac/100 ml   08108738 50 ml 5,50 \u20ac\n6,50 \u20ac/100 ml   08108739 100 ml 6,50 \u20ac\n3,98 \u20ac/100 ml   08108740 200 ml 7,95 \u20ac\nSheabutter nilotica bio roh\n5,48 \u20ac/100 ml   16499987 200 ml 10,95 \u20ac\nSitzbad  \u2022  blumig, krautig, intensiv\nberuhigend, entspannend, kl\u00e4rend, wohltuend, regenerierend bei  \ngereizter und irritierter Haut; im Wochenbett und f\u00fcr die Pflege\nMeersalz, Jojobawachs, Kamille, Lavendel, Rose, Rosengeranie, Schafgarbe\n8,95 \u20ac/100 ml     04014482 100 ml 8,95 \u20ac\n6,38 \u20ac/100 ml     01750246 250 ml 15,95 \u20ac\n3,83 \u20ac/100 ml    Klinikpackung  02202363 2500 ml 95,70 \u20acSommerfrische  \u2022  fruchtig-frisch\nf\u00fcr Wartezimmer, Station, Pflege\nBergamotte, Eichenmoos, Eisenkraut Anden, Grapefruit, Lavendel, Limette,  \nMandarine, Melisse, Orange, Zitrone\n195,00 \u20ac/100 ml   Duft\u00f6l  01750252 5 ml 9,75 \u20ac\nSonnenblumen\u00f6l\n7,00 \u20ac/100 ml   07312777 50 ml 3,50 \u20ac \nSonnen\u00f6l LSF 3 \u2013 4  \u2022  nussig, erdig, krautig  \nK\u00f6rper\u00f6l, mehrmaliges Auftragen erh\u00f6ht den Lichtschutzfaktor nicht\nWalnuss\u00f6l, Jojobawachs, Sesam-, Weizenkeim\u00f6l, Karottensamen, Ho-Sho,  \nRosenholz\n45,00 \u20ac/100 ml   07309686 10 ml 4,50 \u20ac\n22,60 \u20ac/100 ml   01750275 50 ml 11,30 \u20ac\nSonnenpflege intensiv  \u2022  krautig, weich  \nauf die nasse Haut auftragen, nach zu reichlichem Sonnengenuss  \nund bei gereizter, irritierter Haut\nK\u00f6rper\u00f6l: Aloe-Vera in Mandel\u00f6l, Lavendel, Sanddorn\u00f6l*, Karottensamen \nHautspray: Aloe-Vera in Raps\u00f6l, Melissen-, Rosenhydrolat, Lavendel, Sanddorn\u00f6l*,  \nKarottensamen (*Sanddorn\u00f6l kann die W\u00e4sche verf\u00e4rben)\n49,50 \u20ac/100 ml     07309717 10 ml 4,95 \u20ac\n23,90 \u20ac/100 ml     04014720 50 ml 11,95 \u20ac\n21,90 \u20ac/100 ml    Hautspray Sch\u00fcttel\u00adEmulsion   03836957 50 ml 10,95 \u20ac\nSonnenpflege\u00f6l  \u2022  herb, krautig \nK\u00f6rper\u00f6l zur Pflege nach dem Sonnenbad und zur Pflege von gereizter,  \nirritierter Haut, auf die nasse Haut auftragen\nAloe-Vera in Mandel-, Aprikosenkern\u00f6l, Jojobawachs, Sonnenblumen\u00f6l, Lavendel, \n Sesam\u00f6l, Immortelle\n45,00 \u20ac/100 ml     07309692 10 ml 4,50 \u20ac\n25,90 \u20ac/100 ml     01750281 50 ml 12,95 \u20ac\nSport\u00f6l  \u2022  w\u00fcrzig, krautig  \nein anregendes, durchblutungsf\u00f6rderndes Massage\u00f6l zum Aufw\u00e4rmen vor \nsportlichen Aktivit\u00e4ten; zur Pflege vor und nach k\u00f6rperlichen Bet\u00e4tigungen\nAloe-Vera in Mandel-, Arnika in Oliven\u00f6l, Rosmarin, Pfeffer, Calophyllum,  \nImmortelle, Wacholderbeere\n45,00 \u20ac/100 ml    06945865 10 ml 4,50 \u20ac\n23,90 \u20ac/100 ml    06945888 50 ml 11,95 \u20ac\n19,95 \u20ac/100 ml    06945894 100 ml 19,95 \u20acT\nTeebaum-Haar\u00f6l  \u2022  intensiv krautig  \nreinigendes, kl\u00e4rendes Haar\u00f6l zur Intensivbehandlung bei gereizter Kopfhaut\nRingelblumen in Mandel\u00f6l, Teebaum, Lavendel, Rosengeranie, Rosmarin, Manuka\n29,50 \u20ac/100 ml    07309752 10 ml 2,95 \u20ac\n11,50 \u20ac/100 ml    04014105 100 ml 11,50 \u20ac\nsiehe Seite 26 Dusch & Shampoo Teebaum\nTeebaumhydrolat  \u2022  erdig-krautig\n24,75 \u20ac/100 ml   00148375 20 ml 4,95 \u20ac\n10,82 \u20ac/100 ml   09933087 55 ml 5,95 \u20ac\n7,95 \u20ac/100 ml   00148381 100 ml 7,95 \u20acSprachlos  \u2022  blumig, rosig\nkonzentrierte Mischung als Zusatz ins Massage\u00f6l; zur Trauerbegleitung und zur \nBegleitung schwerkranker Patienten pur auf Schl\u00e4fe und Pulsbereich auftragen\nJojobawachs, Rose, Melisse, Iris\n179,50 \u20ac/100 ml    Naturparf\u00fcm  16015044 10 ml 17,95 \u20ac\n185,00 \u20ac/100 ml    Naturparf\u00fcm Roll\u00adon  11303643 10 ml 18,50 \u20ac\nStill\u00f6l  \u2022  w\u00fcrzig\nBrustpflege\u00f6l w\u00e4hrend der Stillzeit, Warzenhof aussparen;  \nverd\u00fcnnt f\u00fcr Babys Bauch nach zu reichlichem Milchgenuss\nRingelblumen in Mandel-, Walnuss\u00f6l, Jojobawachs, Nachtkerzen\u00f6l, Lavendel,  \nSesam\u00f6l, Kreuzk\u00fcmmel, Fenchel, Karottensamen, Koriander, Anis, Rose\n90,00 \u20ac/100 ml    02202601 5 ml 4,50 \u20ac\n47,50 \u20ac/100 ml    01750306 20 ml 9,50 \u20ac\n33,00 \u20ac/100 ml    02202707 50 ml 16,50 \u20ac\n28,50 \u20ac/100 ml   Klinikpackung  01750312 200 ml 57,00 \u20ac\nStrahlenpflegecreme  \u2022  krautig, blumig  \nreichhaltige Hautpflege vor und nach dem Bestrahlungszeitraum, nach Verlet -\nzungen, zur Narbenpflege; bei trockener und zu Juckreiz neigender Haut\nAloe-Vera in Mandel-, Baobab\u00f6l, Woll-, Bienenwachs, Sheabutter, Weihrauch-  \nhydrolat, Sanddorn\u00f6l, Palmarosa, Rosengeranie, Benzoe Siam, Rose  \n(*Sanddorn\u00f6l kann die W\u00e4sche verf\u00e4rben)\n53,00 \u20ac/100 ml   12471012 15 ml 7,95 \u20ac\n36,50 \u20ac/100 ml   12471029 30 ml 10,95 \u20ac\nStrahlenpflege\u00f6l  \u2022  krautig, blumig \nzur liebevollen Pflege vor und nach dem Bestrahlungszeitraum;  \nnach Verletzungen, zur Narbenpflege\nAloe-Vera in Mandel-, Sanddorn\u00f6l*, Lavendel, Rosengeranie, Immortelle, Neroli, \nRose (*Sanddorn\u00f6l kann die W\u00e4sche verf\u00e4rben)\n49,50 \u20ac/100 ml    07309723 10 ml 4,95 \u20ac\n31,00 \u20ac/100 ml    04950661 50 ml 15,50 \u20ac\nBaobabbaum mit Fr\u00fcchten in Ghana\nBuchtipps! Ingeborg Stadelmann\n\u00bbDie Hebammensprechstunde\u00ab\nNaturheilkundlicher Begleiter \nf\u00fcr Schwangerschaft, Geburt  \nund Wochenbett\n\u00bbBew\u00e4hrte Aromamischungen\u00ab  \nStandardwerk zur Aromatherapie\n\u00bbAromamischungen  \nf\u00fcr Mutter und Kind\u00ab\nNat\u00fcrliche K\u00f6rperpflege w\u00e4hrend der \nSchwangerschaft, Geburt und im ersten Jahr.\nWeitere B\u00fccher finden Sie ab Seite 67.\n46 Original-Stadelmann\u00ae-Aromamischungen \u2013 T U \u2022 V 47Thymian \u00adMyrte \u00adBad  \u2022  intensiv krautig\nMeersalz, Jojobawachs, Myrte, Salbei, Ysop, Zirbelkiefer, Thymian\n6,95 \u20ac/100 ml    Badesalz 07309781 100 ml 6,95 \u20ac\n5,18 \u20ac/100 ml    Badesalz 01750358 250 ml 12,95 \u20ac\nsiehe Seite 25 Dusch & \u00d6lbad Thymian \u00adMyrte\nThymian \u00adMyrte \u00adBalsam f\u00fcr Erwachsene  \u2022  intensiv krautig\nauf Brust oder R\u00fccken einmassieren \nJohanniskraut in Oliven\u00f6l, Sheabutter, Wollwachs, Mandel\u00f6l, Jojoba-, Bienenwachs, \nBaobab\u00f6l, Myrte, Thymian, Salbei, Ysop, Zirbelkiefer, Niaouli\n28,33 \u20ac/100 ml    02202759 30 ml 8,50 \u20ac\n21,90 \u20ac/100 ml    01750335 50 ml 10,95 \u20ac\nThymian \u00adMyrte \u00adBalsam f\u00fcr Kinder und S\u00e4uglinge  \u2022   \nbalsamisch, krautig\nauf Brust oder R\u00fccken einmassieren\nJohanniskraut in Oliven\u00f6l, Sheabutter, Wollwachs, Mandel\u00f6l, Jojoba-, Bienenwachs, \nBaobab\u00f6l, Myrte, Zirbelkiefer, Thymian, Ysop, Salbei, Niaouli\n25,00 \u20ac/100 ml     02202771 30 ml 7,50 \u20ac\n19,90 \u20ac/100 ml     01750341 50 ml 9,95 \u20ac\nThymian \u00adZitrone  \u2022  herb, krautig\nzur Verbesserung der Raumluft in der Erk\u00e4ltungszeit\nAngelikawurzel, Atlaszeder, Douglasfichte, Lavendel, Thymian, Zitrone\n219,00 \u20ac/100 ml   Duft\u00f6l  16014731 5 ml 10,95 \u20ac\n134,75 \u20ac/100 ml      Duft\u00f6l  16014719 20 ml 26,95 \u20ac\nsiehe Seite 41 Raumduft Thymian \u00adZitrone\nToko \u00ad\u00d6l  \u2022  frisch, krautig \nunter Hebammenbegleitung unterst\u00fctzend bei wehenhemmenden Ma\u00df-\nnahmen; entspannende, beruhigende Streichelpflege f\u00fcr die Schwangere\nNachtkerzen-, Mandel-, Weizenkeim-, Hanf\u00f6l, Lavendel, Majoran, Ho-Sho, Rosenholz\n79,00 \u20ac/100 ml    02202877 5 ml 3,95 \u20ac\n28,33 \u20ac/100 ml    01750370 30 ml 8,50 \u20ac\n21,00 \u20ac/100 ml    04014499 50 ml 10,50 \u20ac\n17,00 \u20ac/100 ml   Klinikpackung  01750387 300 ml 51,00 \u20ac\nTrennungsschmerz  \u2022  krautig, leicht blumig\nbei Trennung, Umzug, Krankenhaus; zur Sterbebegleitung\nDuft\u00f6l: Atlaszeder, Benzoe Siam, Grapefruit, Iris, Melisse, Sandelholz,  \nSchafgarbe, Zirbelkiefer\nNaturparf\u00fcm:  Jojobawachs; Grapefruit, Zirbelkiefer, Atlaszeder, Schafgarbe,  \nSandelholz, Melisse, Benzoe Siam, Iris\n219,00 \u20ac/100 ml    Duft\u00f6l  01750364 5 ml 10,95 \u20ac\n79,50 \u20ac/100 ml    Naturparf\u00fcm  05459281 10 ml 7,95 \u20ac\n85,00 \u20ac/100 ml    Naturparf\u00fcm Roll\u00adon  11303519 10 ml 8,50 \u20acThymian \u00adAngelika \u00ad\u00d6l  \u2022  intensiv w\u00fcrzig\nK\u00f6rper\u00f6l auf Brust und R\u00fccken einmassieren\nRingelblumen in Mandel-, Mandel\u00f6l, Jojobawachs, Sesam\u00f6l, Cajeput, Thymian, \nMuskatellersalbei, Angelikawurzel, Zirbelkiefer\n39,50 \u20ac/100 ml     07309775 10 ml 3,95 \u20ac\n23,20 \u20ac/100 ml     01750329 50 ml 11,60 \u20ac\nThymian \u00adBenzoe  \u2022  balsamisch, w\u00e4rmend\npunktuell auftragen\nJojobawachs, Lavendel, Ravintsara, Thymian, Ho-Sho, Rosenholz, Lavendelsalbei, \nMelisse, Salbei, Benzoe Siam\n69,50 \u20ac/100 ml    Naturparf\u00fcm  04709824 10 ml 6,95 \u20ac\n75,00 \u20ac/100 ml    Naturparf\u00fcm Roll\u00adon  11303666 10 ml 7,50 \u20ac\nThymianhydrolat  \u2022  w\u00fcrzig, krautig-herb \n22,50 \u20ac/100 ml   14266871 20 ml 4,50 \u20ac\n10,82 \u20ac/100 ml   14266888 55 ml 5,95 \u20ac\n7,50 \u20ac/100 ml   14266894 100 ml 7,50 \u20acV\nVerw\u00f6hnbad  \u2022  intensiv blumig, mit Mandelnote\nein sinnlicher Genuss f\u00fcr Erwachsene\nMeersalz, Jojobawachs, Sandelholz, Ylang-Ylang, Jasmin, Tonkabohne, Rose\n7,30 \u20ac/100 ml   Badesalz  07309798 100 ml 7,30 \u20ac\n5,40 \u20ac/100 ml   Badesalz  04014128 250 ml 13,50 \u20ac\nVorfreude Dusch & Shampoo  \u2022  balsamisch-frisch \nmorgens den Tag beginnen oder abends beenden mit dem frisch und doch \nbalsamisch duftenden Dusch & Shampoo, das als Fl\u00fcssigseife das H\u00e4nde \u00ad \nwaschen zum duftenden Erlebnis werden l\u00e4sst\nneutrale Grundlage, Jojobawachs, Zitrone, Sesam\u00f6l, Neroli, Mandarine, Rose,  \nSandelholz, Benzoe Siam\n8,50 \u20ac/100 ml   14266807 100 ml 8,50 \u20ac\n4,98 \u20ac/100 ml   14266813 300 ml 14,95 \u20ac \n4,99 \u20ac/100 ml   14266842 500 ml 24,95 \u20ac\nVorfreude K\u00f6rperbutter  \u2022  typisch Kokos, fruchtig \u00ads\u00fc\u00df \nreichhaltige Hautpflege f\u00fcr die ganze Familie\nKokos\u00f6l, Mangobutter, Sheabutter, Zitrone, Neroli, Mandarine, Rose, Sandelholz, \nBenzoe Siam\n22,79 \u20ac/100 ml   16015127 70 ml 15,95 \u20ac\nVorfreude K\u00f6rpercreme  \u2022  honigs\u00fc\u00df \ndie K\u00f6rpercreme mit afrikanischer Nilotica Sheabutter verleiht der Haut \neine ausgesprochen gute Feuchtigkeitsbindung; auch zur Intimpflege\nJojobawachs, Baobab\u00f6l, Bienenwachs, Sheabutter, Neroli-, Rosenhydrolat,  \nAprikosenkern\u00f6l, Mangobutter, Zitrone, Neroli, Mandarine, Rose, Sandelholz, \nBenzoe Siam\n23,90 \u20ac/100 ml    14364591 50 ml 11,95 \u20ac\n11,97 \u20ac/100 ml    14364616 150 ml 17,95 \u20ac\nVorfreude K\u00f6rper\u00f6l  \u2022  fruchtig-s\u00fc\u00df  \nK\u00f6rper\u00f6l \u00adFans pflegen sich mit dem frisch und leicht s\u00fc\u00dflich duftenden  \nK\u00f6rper\u00f6l auf der Basis des afrikanischen Baobab\u00f6ls; es eignet sich bestens \nf\u00fcr empfindliche Haut\nJojobawachs, Baobab-, Aprikosenkern\u00f6l, Zitrone, Neroli, Mandarine, Rose,  \nSandelholz, Benzoe Siam\n45,00 \u20ac/100 ml    14214093 10 ml 4,50 \u20ac\n25,90 \u20ac/100 ml    14214101 50 ml 12,95 \u20ac\n19,95 \u20ac/100 ml    14214124 100 ml 19,95 \u20acU\nUt\u00ad\u00d6l  \u2022  w\u00fcrzig  \nunter Hebammenbegleitung unterst\u00fctzend w\u00e4hrend wehenanregender \nTherapien, stimulierendes, kr\u00e4ftigendes, erw\u00e4rmendes Massage\u00f6l zur  \nGeburt und im Wochenbett\nWeizenkeim-, Hanf\u00f6l, Ingwer, Eisenkraut Anden, Nelkenknospe, Zimtrinde\n90,00 \u20ac/100 ml    02202883 5 ml 4,50 \u20ac\n31,67 \u20ac/100 ml    01750393 30 ml 9,50 \u20ac\n23,00 \u20ac/100 ml    04014507 50 ml 11,50 \u20ac\n19,00 \u20ac/100 ml   Klinikpackung  01750401 300 ml 57,00 \u20ac\nThymian \u00adMischungen\ndurchw\u00e4rmend an frostigen Tagen, zur Pflege w\u00e4hrend der Erk\u00e4ltungs -\nzeit; wohltuend als Raumduft, Bad, Einreibung, \u00d6lkompresse oder Wickel.\nAromapflegeserie \u00bbVorfreude\u00ab \nUnsere Pflegeserie eignet sich zur t\u00e4glichen K\u00f6rperpflege f\u00fcr alle, die \nfrisch-s\u00fc\u00dfe und doch balsamisch einh\u00fcllende Duftnoten lieben. Sie ist eine \npure Wohltat f\u00fcr die Haut. Junge Frauen werden sich in den Duft der Pfle -\ngeprodukte verlieben und werdende M\u00fctter sie nicht nur in der Zeit der \nVorfreude gerne anwenden. \nG\u00f6nnen Sie sich die nat\u00fcrliche \u00bbVorfreude\u00ab \u00adAromapflegeserie \u2013 sie ist \nWellness pur f\u00fcr zu Hause! Tun Sie Ihrer Haut Gutes und kombinieren Sie \ndie K\u00f6rpercreme oder das K\u00f6rper\u00f6l immer mit einem Hydrolat Ihrer \nWahl, besonders empfehlenswert: Nerolihydrolat (siehe Seite 39).\nZitronenbl\u00fcte\nThymianbl\u00fcte48 Original-Stadelmann\u00ae-Aromamischungen \u2013 W Original-Stadelmann\u00ae-Aromamischungen \u2013 W \u2022 Y \u2022 Z 49Wintertag  \u2022  fruchtig, erdig\nzum Abschalten im Winter wie im Sommer, auch Mann kann es genie\u00dfen\nAtlaszeder, Eichenmoos, Eisenkraut Anden, Limette, Myrte, Sandelholz\n184,00 \u20ac/100 ml   Duft\u00f6l  01750430 5 ml 9,20 \u20ac\nWochenbettbauchmassage\u00f6l  \u2022  krautig, herb \nf\u00f6rdert die R\u00fcckbildung, strafft das Gewebe; regelm\u00e4\u00dfig t\u00e4glich einmassieren\nRingelblumen in Mandel-, Weizenkeim-, Sonnenblumen-, Hanf\u00f6l, Grapefruit,  \nRosengeranie, Zypresse, Wacholderbeere, Schafgarbe\n70,00 \u20ac/100 ml    02202908 5 ml 3,50 \u20ac\n23,17 \u20ac/100 ml    02202937 30 ml 6,95 \u20ac\n17,90 \u20ac/100 ml    01750447 50 ml 8,95 \u20ac\n13,95 \u20ac/100 ml    04014513 100 ml 13,95 \u20acY\nYsop\u00adImmortellen \u00ad\u00d6l  \u2022  herb, krautig\nMassage\u00f6l, wohltuend bei blauen Flecken, kann sie schneller zum Verschwin-\nden bringen; angenehme Hautpflege nach Prellungen, Gelenkbelastungen; \nmehrmals auftragen oder als \u00d6lkompresse anwenden\nJojobawachs, Sesam\u00f6l, Calophyllum, Lavendel, Palmarosa, Ysop, Rosmarin, Immortelle\n79,00 \u20ac/100 ml     02201151 5 ml 3,95 \u20ac\n31,33 \u20ac/100 ml     02201168 30 ml 9,40 \u20ac\nZ\nZahn \u00ad\u00d6l  \u2022  intensiv krautig, w\u00fcrzig\nvon au\u00dfen auf die Wangen einmassieren; entspannend, erw\u00e4rmend;  \nvorsichtig und sehr sparsam zur Pflege der Zahnleiste anwenden\nJohanniskraut in Oliven-, Nachtkerzen\u00f6l, Kamille r\u00f6m., Lavendel, Nelkenknospe\n99,00 \u20ac/100 ml     02202943 5 ml 4,95 \u20ac\n54,75 \u20ac/100 ml     02203026 20 ml 10,95 \u20ac\nZeder-Haar\u00f6l  \u2022  holzig, frisch  \nf\u00fcr die Bart \u00ad, Haar \u00ad und Kopfhautpflege einmassieren; st\u00e4rkt das Haar;  \nbei trockenem Haar nach der Haarw\u00e4sche verwenden\nAloe-Vera in Mandel\u00f6l, Jojobawachs, Sesam\u00f6l, Lavendel, Rosmarin, Palmarosa,  \nAtlaszeder\n70,00 \u20ac/100 ml    00704913 5 ml 3,50 \u20ac\n26,50 \u20ac/100 ml    00704936 30 ml 7,95 \u20ac\nsiehe Seite 27, Dusch & Shampoo Zeder\nZitruskorb  \u2022  frisch\naufmunternd, aktivierend\nHautspray: Neroli-, Pfefferminz  hydrolat, Ethanol, Lavendel; Grapefruit, Limette, \nOrange,  Zitrone, Pfefferminze\n139,00 \u20ac/100 ml     Duft\u00f6l  03848819 5 ml 6,95 \u20ac\n17,90 \u20ac/100 ml     Hautspray  10743334 50 ml 8,95 \u20ac\nZyklus \u00adLaune  \u2022  leicht fruchtig, blumig, krautig\nbei Stimmungsschwankungen punktuell auf Nacken oder Unterbauch auf tragen\nJojobawachs, Sesam\u00f6l, Muskatellersalbei, Mandarine, Orange, Bergamotte\n109,50 \u20ac/100 ml    Naturparf\u00fcm  16015073 10 ml 10,95 \u20ac\n115,00 \u20ac/100 ml    Naturparf\u00fcm Roll\u00adon  11303548 10 ml 11,50 \u20ac\nZyklus \u00adMassage\u00f6l  \u2022  blumig\nbei Stimmungsschwankungen vor der Menstruation und im Klimakterium\nNachtkerzen\u00f6l, Jojobawachs, Sonnenblumen-, Sesam\u00f6l, Muskatellersalbei,  \nYlang-Ylang, Bergamotte, Grapefruit, Neroli, Vetiver\n45,00 \u20ac/100 ml    07309806 10 ml 4,50 \u20ac\n23,90 \u20ac/100 ml    02213711 50 ml 11,95 \u20acW\nWaldfrische  \u2022  klar-frisch, kl\u00e4rend \nein Spaziergang durch den Tannenwald\nAtlaszeder, Douglasfichte, Fichtennadel, Sandelholz, Wei\u00dftanne, Zirbelkiefer\n199,00 \u20ac/100 ml   Duft\u00f6l 16014889 5 ml 9,95 \u20ac\n129,75 \u20ac/100 ml   Duft\u00f6l 16014895 20 ml 25,95 \u20ac\nWaldfrischebad   \u2022  klar-frisch, kl\u00e4rend  NEU  \nerfrischend; regt zum tiefen Durchatmen an; wie nach einem Waldspaziergang\nMeersalz, Jojobawachs, Fichtennadel, Douglasfichte, Wei\u00dftanne, Zirbelkiefer, \nSandelholz, Atlaszeder\n6,95 \u20ac/100 ml  Badesalz 17592619   100 ml 6,95 \u20ac\n4,78 \u20ac/100 ml  Badesalz 17592625   250 ml 11,95 \u20ac\nWaldspaziergang  \u2022  intensiv erdig, holzig, leicht krautig\nErinnerungen wachrufen und auftanken\nDas Hautspray und das Naturparf\u00fcm haben sich auch als Geruchsbinder in \nallen R\u00e4umen und Lebensphasen bew\u00e4hrt\nDuft\u00f6l: Douglasfichte, Eichenmoos, Johanniskraut, Latschenkiefer, Tonkabohne, \nWei\u00dftanne, Atlaszeder Naturparf\u00fcm:  Jojobawachs; Wei\u00dftanne, Atlaszeder,  \nLatschenkiefer, Johanniskraut, Tonkabohne, Vetiver Hautspray: Myrtenhydrolat, \nEthanol, Rosenhydrolat, Lavendel; Douglasfichte, Wei\u00dftanne, Weihrauch, Atlas-\nzeder, Latschenkiefer, Johanniskraut, Tonkabohne, Vetiver\n219,00 \u20ac/100 ml   Duft\u00f6l  01750418 5 ml 10,95 \u20ac\n69,50 \u20ac/100 ml   Naturparf\u00fcm 05459306 10 ml 6,95 \u20ac\n17,90 \u20ac/100 ml   Hautspray 10743328 50 ml 8,95 \u20ac\nWald & Wiese  \u2022  grasig, holzig\nausgleichend, harmonisierend an Stresstagen; in Honig vermischt ein Bade genuss\nCitronella, Douglasfichte, Ho-Sho, Kamille r\u00f6m., Karottensamen, Palmarosa,  \nRosenholz\nNaturparf\u00fcm : Jojobawachs, Douglasfichte, Citronella, Palmarosa, Ho-Sho, Kamille \nr\u00f6m., Karottensamen, Rosenholz\n158,00 \u20ac/100 ml   Duft\u00f6l 04926705 5 ml 7,90 \u20ac\n59,50 \u20ac/100 ml   Naturparf\u00fcm 05459298 10 ml 5,95 \u20ac\nWalnuss\u00f6l\n13,90 \u20ac/100 ml   07312783 50 ml 6,95 \u20ac\nWaschzusatz Pfefferminz \u00adNiaouli  \u2022  minzig \nf\u00fcr Erwachsene eine stark k\u00fchlende Erfrischung an hei\u00dfen Tagen; f\u00fcr k\u00fch -\nlende Wickel und ins Waschwasser. Auch f\u00fcr Fiebernde und Bettl\u00e4gerige\nneutrale Grundlage, Jojobawachs, Pfefferminze, Niaouli, Sesam\u00f6l\n11,95 \u20ac/100 ml    14334532 100 ml 11,95 \u20ac\n8,50 \u20ac/100 ml    14334549 300 ml 25,50 \u20acWeihnachtsb\u00e4ckerei  \u2022  w\u00fcrzig-warm \nw\u00e4rmender Lebkuchenduft f\u00fcr gem\u00fctliche Advents \u00ad und Weihnachtstage \nGrapefruit, Ingwer, Lavendel, Mandarine, Nelkenknospe, Orange, Tonkabohne, \nZimtrinde, Wei\u00dftannenhydrolat, Ethanol\n17,00 \u20ac/100 ml  Raumspray 14334590    50 ml 8,50 \u20ac\nWeihnachtsduft  \u2022  w\u00fcrzig-warm\nzur Einstimmung auf die Advents \u00ad und Weihnachtszeit\nMandarine, Nelkenknospe, Orange, Vanille, Zimtrinde\n164,00 \u20ac/100 ml  Duft\u00f6l 01750424 5 ml 8,20 \u20ac\n109,75 \u20ac/100 ml     Duft\u00f6l 16014748 20 ml 21,95 \u20ac\nWeihnachtswichtel  \u2022  zart-fruchtig, w\u00fcrzig-warm\nim Advent, zur Weihnachtszeit und an kalten Winterabenden\nGrapefruit, Ingwer, Mandarine, Nelkenknospe, Orange, Tonkabohne, Zimtrinde\n169,00 \u20ac/100 ml  Duft\u00f6l  01913079 5 ml 8,45 \u20ac\n112,50 \u20ac/100 ml     Duft\u00f6l  16014754 20 ml 22,50 \u20ac\nWeihrauchhydrolat  \u2022  \u00fcberraschend frisch, mit krautig\u00adherbem Nachduft\n24,75 \u20ac/100 ml   11877982 20 ml 4,95 \u20ac\n10,82 \u20ac/100 ml   11878007 55 ml 5,95 \u20ac\n7,50 \u20ac/100 ml   11878013 100 ml 7,50 \u20ac\nWeihrauch-Zitrone  \u2022  zitronig-herbholzig\nein Geruchsbinder f\u00fcr R\u00e4ume und alle Lebensphasen\nMyrten-, Weihrauchhydrolat, Ethanol, Rosenhydrolat, Zitrone, Weihrauch,  \nCitro nella, Litsea, Vetiver, Lavendel\n17,00 \u20ac/100 ml    Hautspray 11287387 50 ml 8,50 \u20ac\nWei\u00dftannenhydrolat  \u2022  dumpf-waldig  \n24,75 \u20ac/100 ml   14334466 20 ml 4,95 \u20ac\n10,82 \u20ac/100 ml   14334472 55 ml 5,95 \u20ac\n7,50 \u20ac/100 ml   14334489 100 ml 7,50 \u20ac\nWeizenkeim\u00f6l CO2\u00adExtraktion der Keimlinge  \n23,00 \u20ac/100 ml   07309373 50 ml 11,50 \u20ac\nWildrosen\u00f6l\n43,00 \u20ac/100 ml    05458962  20 ml  8,60 \u20ac\nWindelbalsam  \u2022  zart-blumig, krautig  \npflegt und sch\u00fctzt den Windelbereich; bei ger\u00f6teter und irritierter Haut\nAloe-Vera in Mandel\u00f6l, Jojoba-, Woll-, Bienenwachs, Sheabutter, Rosenhydrolat, \nSesam\u00f6l, Mangobutter, Palmarosa, Rosengeranie, Manuka, Thymian, Rose\n36,67 \u20ac/100 ml     05992093 15 ml 5,50 \u20ac\n17,86 \u20ac/100 ml     06940968 70 ml 12,50 \u20ac\n13,30 \u20ac/100 ml     13718288 150 ml 19,95 \u20ac\nRosengeranie\nAuf Anfrage bieten wir patientenindividuelle B\u00fcndelpackungen  f\u00fcr  \nKliniken und Pflegeeinrichtungen z.  B. statt 1x 200 ml, 10 Flaschen mit 20 ml. \nRufen Sie uns an: 00 49 (0)8 31 \u2013 5 22 66 11.50 Original-Stadelmann\u00ae-Aromamischungen \u2013 Sets zum Ausprobieren \u2026 oder als Geschenk 51PROBIER-SETS \nCistrosen \u00adProbier \u00adSet, Erwachsene  \nCistrosenbad 50 ml, Cistrosencreme 9 ml, Cistro -\nsen\u00f6l f. Erwachsene 10 ml, Rosenhydrolat 20 ml\n04999420   17,50 \u20ac\nCistrosen-Probier-Set, Kinder  \nCistrosenbad 50 ml, Cistrosencreme 9 ml, Cistro\u00ad \nsen\u00f6l f\u00fcr Kinder 10 ml, Rosenhydrolat 20 ml\n 04999414   15,95 \u20ac\nJunge \u00adFamilie \u00adProbier \u00adSet \nBabybad 50 ml, Baby\u00f6l empfindliche Haut 10 ml, \nBaby\u00adPflegecreme 9 ml, Familienbad 50 ml, K\u00f6r -\nper\u00f6l f\u00fcr den Mann 10 ml, Rosen-K\u00f6rper\u00f6l 10 ml, \n Windelbalsam 9 ml; Haustee* 2 TL\n04950572   22,95 \u20ac\nK\u00f6rper\u00f6le-Probier-Set  \nK\u00f6rper\u00f6l Andensonne 10 ml, K\u00f6rper\u00f6l entspan -\nnend 10 ml, K\u00f6rper\u00f6l festigend 10 ml, K\u00f6rper\u00f6l \n\u00bbHarmonia\u00ab 10 ml, K\u00f6rper\u00f6l kr\u00e4ftigend 10 ml, K\u00f6r -\nper\u00f6l trockene Haut 10 ml, Rosen-K\u00f6rper\u00f6l 10 ml\n01912938   21,95 \u20ac\nMassage\u00f6le-Probier-Set \nKreuzbein-Massage\u00f6l 10 ml, Massage\u00f6l beruhigend \n10 ml, Massage\u00f6l blumig 10 ml, Massage\u00f6l entspan -\nnend 10 ml, Massage\u00f6l frisch 10 ml, Nerolihydrolat \n20 ml\n01912944   22,50 \u20ac\nMutter-Kind-Probier-Set  \nBabybad 50 ml, Baby\u00f6l empfindliche Haut 10 ml, \nBaby\u00adPflegecreme 9 ml,  Fenchel\u00adK\u00fcmmel\u00ad\u00d6l 10 ml, \nSitzbad 50 ml, Still\u00f6l 5 ml, Windelbalsam 9 ml, \n Wochenbettbauchmassage\u00f6l 5  ml\n03837112   23,95 \u20acPflege \u00adProbier \u00adSet \nAllg\u00e4uer \u00ad\u00d6l 10 ml, Fu\u00dfcreme ausgleichend 9 ml, \nK\u00f6rper\u00f6l \u00bbHarmonia\u00ab 10 ml, Pflegecreme mit \nBaobab 9 ml, Rosenhydrolat 20 ml, Waldspazier -\ngang Hautspray 10 ml\n12471070   24,95 \u20ac\nProbier \u00adSet f\u00fcr die Frau \nDusch & Shampoo Rose 30 ml, Fu\u00dfcreme ausglei -\nchend 9 ml, Gesichtscreme Rose 9 ml, Rosenhyd -\nrolat 20 ml,  Rosen \u00adK\u00f6rper\u00f6l 10 ml, Verw\u00f6hnbad \n50 ml;  Rose\u00adRoibusch \u00adTee* 2 TL\n04926711   23,50 \u20ac\nProbier-Set f\u00fcr den Mann \nDusch & Shampoo Zeder 30 ml, Fu\u00dfcreme anre -\ngend 9 ml, Gesichtscreme f\u00fcr den Mann 9 ml, \nK\u00f6rper\u00f6l f\u00fcr den Mann 10 ml, Rasierwasser herb \n10 ml; M\u00e4n  nertee* 2 TL\n04926728   14,95 \u20acSETS \nAntistress-Set\nDusch & Shampoo Palmarosa 100 ml, Geborgen -\nheit Roll \u00adon 10 ml, Gelassenheit 50 ml; \u00c4rger \u00addich\u00ad\nnicht-Tee * 43 g\n11479520   26,95 \u20ac\nBabypflege \u00adSet \nBaby\u00f6l empfindliche Haut 50 ml, Dusch & Sham -\npoo Baby & Kind 100 ml, Fenchel \u00adK\u00fcmmel \u00ad\u00d6l f\u00fcr \nKinder 50 ml, Windelbalsam 15 ml; Seidenp\u00fcpp -\nchen (mit Kamillenbl\u00fcten gef\u00e4rbt)  \n05996010   39,95 \u20ac\nDusch & Badewelt-Set \nDusch & \u00d6lbad Familie 100 ml, Dusch & \u00d6lbad \nLavendel \u00adZitrone 100 ml, Dusch & Shampoo \nLitsea 100 ml, Pflanzen\u00f6lseife Duftmelodie 100 ml\n14364579   22,95 \u20ac\nErk\u00e4ltungszeit\u00ad Set  \nEngelwurzbalsam 9 ml, Halstr\u00f6ster 50 ml, Thymi -\nan\u00adAngelika \u00ad\u00d6l 50 ml, Thy  mian\u00adBenzoe \u00ad\u00d6l 10 ml, \nThymian \u00adMyrte \u00adBad 100 ml; Bienenwachswickel  \nGr. 1;  Eibisch \u00adS\u00fc\u00dfholz \u00adTee* 50 g\n09235845   41,95 \u20ac\nErste \u00adHilfe\u00adSet \nRose\u00adTeebaum \u00adEssenz 5 ml, Ysop \u00adImmortellen \u00ad\n\u00d6l 5 ml; Blasenpflaster, elastische Binde, Pflaster -\nstrips, Wundauflagen\n10057478   16,95 \u20ac\nF\u00fcr Zwei \u00adSet  NEU!\nF\u00fcr zwei Naturparf\u00fcm 10 ml, Dusch & \u00d6lbad \nsinnlich 100 ml, Massage\u00f6l frisch 50 ml; Aphrodi -\nte Tee 86 g\n17592683   32,95 \u20ac Schwangerschafts-Probier-Set  \nDammmassage\u00f6l 5 ml, Entspannungsbad 50 ml, \nGeburts\u00f6l 5 ml, Schwangerschaftsstreifen\u00f6l 10 ml\n03837129   11,95 \u20ac\nSport-Probier-Set  \nAllg\u00e4uer \u00ad\u00d6l 10 ml, Beinwellsalbe 9 ml, Dusch & \nShampoo Grapefruit 30 ml, Immortelle \u00adAkut\u00ad\nSpray 20 ml, Kemp  tener \u00ad\u00d6l 10 ml, Ysop \u00adImmor -\ntellen \u00ad\u00d6l 5 ml; Gipfelsicht \u00adTee* 2 TL\n01912967   19,95 \u20ac\nTu-dir-gut-Probier-Set  \nEntspannungsbad 50 ml, Fu\u00dfcreme ausgleichend 9 ml, \nK\u00f6rper\u00f6l kr\u00e4ftigend 10 ml, Nerolihydrolat 20 ml; \nFamilientee* 2 TL\n01912915   14,95 \u20acF\u00fcr Sie zusammengestellt\nGute Erholung \u00adSet  NEU!\nMassage\u00f6l Tonka 50 ml, Dusch & Shampoo ent -\nspannend 100 ml, Raumduft Andensonne 50 ml; \nHerzenstr\u00f6ster-Tee 75  g\n17592708   32,95 \u20ac\nIntimpflege \u00adSet   \nFrauen \u00adGranatapfel\u00f6l 5  ml, Intimpflegecreme \n15 ml, Intimpflegehydrolat 20 ml, Neroli \u00adYlang \nHydrolat 20 ml\n 14334503   24,95 \u20ac\nKinderwunsch-Set \nMassage\u00f6l blumig 10 ml, Massage\u00f6l Storch 10 ml; \nStorchenfrau \u00adTee 60 g, Storchenmann \u00adTee 80 g\n14364585   20,95 \u20ac\nWellness-Set  \nEntspannungsbad 250 ml, Massage\u00f6l beruhigend \n50 ml; Duftkerze Fr\u00fcchtekorb 9 cm hoch; Leinen -\nwaschhandschuh; Ingwer \u00adfresh \u00adTee* 45 g\n05996033   34,95 \u20ac\nVerw\u00f6hn \u00adSet  NEU!\nDusch & \u00d6lbad blumig 100 ml, K\u00f6rperemulsion \nblumig 100 ml, Rosenhydrolat 55 ml, Raumduft \nBergamotte \u00adNeroli 50  ml\n17592677   37,95 \u20ac\nVorfreude \u00adSet  NEU!\nVorfreude Dusch & Shampoo 100 ml, Vorfreude \nK\u00f6rper\u00f6l 50 ml; Schwangerschaftstee 70 g\n17592660   26,95 \u20acGESCHENK-SETS \nGeschenkset Handpflege \nH\u00e4ndedesinfektion Gel mit Lavendel 50 ml, \nHandpflege Sheabutter 30 ml, Pflanzen\u00f6lseife \nDuftmelodie 100  ml\n16907682   19,95 \u20ac\nGeschenkset Kleine Auszeit\nDusch & \u00d6lbad entspannend 100 ml, K\u00f6rper\u00f6l \nLavendel 50 ml, Lavendel 10 % 10 ml\n16907699   21,95 \u20ac\nGeschenkset Pflanzenseifen mini \nPflanzen\u00f6lseife Duftmelodie 30 ml, Pflanzen\u00f6lseife \nGr\u00e4serkorb 30 ml, Pflanzen\u00f6lseife Neutral 30 ml\n16907707   9,95 \u20ac\nGeschenkset Pflanzenseifen maxi \nPflanzen\u00f6lseife Duftmelodie 100 ml, Pflanzen\u00f6l -\nseife Gr\u00e4serkorb 100 ml, Pflanzen\u00f6lseife  \nNeutral 100 ml\n16907736   16,95 \u20ac \nGeschenkset Rosentraum\nGesichtscreme Rose 50 ml, Dusch & Shampoo \nRose 100 ml\n16022699   19,95 \u20ac\nGeschenkset Sonne im Herz  \nDusch & Shampoo Grapefruit 100 ml,  \nGrapefruit 10 ml\n16022653   13,95 \u20ac\nGeschenkset Wohlf\u00fchlzeit  \nDusch & \u00d6lbad Familie 100 ml, Massage\u00f6l  \nw\u00e4rmend 30 ml\n16022682   13,95 \u20ac *Die Zutatenliste unserer Teemischungen  \nfinden Sie ab Seite 61.Dosierung, Haltbarkeit, Anwendung 53 52 Wichtige Hinweise und Erl\u00e4uterungenWichtige Hinweise\n\u2022 \u00c4therische \u00d6le und Mischungen nicht innerlich anwenden.\n\u2022 Bei den Original-Stadelmann\u00ae-Aromamischungen  f\u00fcr Kinder wird auf  \ndie problematischen Wirkstoffe Campher und Menthol verzichtet. \n\u2022 Reine \u00e4therische \u00d6le m\u00fcssen vor Kindern sicher aufbewahrt werden.\n\u2022 Reaktionen aus \u00dcberempfindlichkeit sind selten und nicht vorhersehbar;  \npr\u00fcfen Sie die Vertr\u00e4glichkeit in der Armbeuge.\n\u2022 Im Anschluss an eine Aroma-Anwendung kein Solarium aufsuchen.\nHAUTSPRAY\nUm eine praktische Handhabung f\u00fcr die Anwendung auf der Haut oder im \nRaum zu erm\u00f6glichen, ist die \u00e4therische \u00d6lmischung in niederdosierten Al -\nkohol (ca. 10 \u2013 14 %) eingemischt. Dennoch sollten auch diese alkoholhaltigen \nAromasprays nur kurzfristig auf der Haut angewendet werden. So k\u00f6nnen Sie \nz. B. \u00bbGr\u00e4serkorb\u00ab zur Erfrischung an hei\u00dfen Sommertagen im Nacken,  \nEll bogen oder Kniegelenk aufspr\u00fchen.\nHAUTSPRAY SCH\u00dcTTEL-EMULSION \nDie Sch\u00fcttel \u00adEmulsionen enthalten neben \u00e4therischen und fetten Pflanzen -\n\u00f6len auch ein Drittel alkoholfreies Hydrolat und sind so besonders hautver -\ntr\u00e4glich. Sie empfehlen sich insbesondere bei empfindlicher, trockener sowie \nneurodermitischer Haut. Da das Pflanzen\u00f6l obenauf schwimmt, muss die Emulsi-\non vor jeder Anwendung gesch\u00fcttelt werden, damit sie sich wieder mischt.WAS STEHT AUF DEM ETIKETT?\nDie Etiketten der Original-Stadelmann\u00ae-Aromamischungen   \nenthalten folgende Angaben:\nBaby\u00f6l\nempfindliche Haut\nAromak\u00f6rper\u00f6l\nzur t\u00e4glichen Hautpflege\n \n87435 Kempten - Allg\u00e4u\nTel. 00  49 (0)8  31 - 5 22 66 11\nwww.bahnhof-apotheke.d eMandel-, Aprikosenkern\u00f6l , Jojoba wachs, \nNachtkerzen-, Sesam\u00f6l,  Rose\nIngredients (INCI): Prunus am ygdalu s\ndulcis oil,  Prunus armeniaca k ernel oil \nSimmondsia chinensis seed oil,\nOenothera biennis oil,  Sesamum indicum\nseed oil,  Rosa damascena flow er oil;\nNat\u00fcrlich enthalten:  Limonene , Linalool, \nGeraniol, Citr onellol,  Citral,  Farnesol\nNach Anbruch alsbald verbrauchen\n    01/2023 Inhalt: 10 ml\nCh.B.:   0-210703 Kosmetikum           CPNP: 1395108\n PZN: 00171463\nlinke Seite: \n\u2022 Produktname\n\u2022 Produktart und Qualit\u00e4tssiegel\n\u2022 Anwendungsbereich\n\u2022 Herstelleradresse\nMitte: \n\u2022 Produkt- bzw. Bestellnummer und Kassen-Strichcode\n\u2022 CPNP: Notifizierungsnummer beim Cosmetic Products Notification  \nPortal der EU\nrechte Seite: \n\u2022 Inhaltsstoffe auf Deutsch\n\u2022 INCI (International Nomenclature of Cosmetic Ingredients): vom \n Gesetzgeber vorgeschriebene und EU \u00adweit g\u00fcltige Deklaration der \n Inhaltsstoffe auf Englisch, bei Pflanzennamen werden die botanischen \n Bezeichnungen aufgef\u00fchrt\n\u2022 Nat\u00fcrlich enthalten: deklarationspflichtige Einzelwirkstoffe, die von \n Natur aus in verschiedenen \u00e4therischen \u00d6len enthalten sind\n\u2022 Verbraucherhinweis \n\u2022 Art der Anwendung\n\u2022 Ch.-B. ist die Chargenbezeichnung, anhand derer der gesamte  \nHerstellungsprozess zur\u00fcckverfolgt werden kann.  \nVon hinten gelesen ergibt die Chargenbezeichung das Datum der Her -\nstellung: 1-210703 = 3. Juli 2021\n\u2022 \n Mindesthaltbarkeit: 0 1/2023 = unge\u00f6ffnet mind. bis Januar 202 3 haltbar\nBei \u00d6lmischungen f\u00fcr Duftlampen oder Raumsprays, die nicht zur Anwendung \nam Menschen gedacht sind, verlangt der Gesetzgeber die Kennzeichnung nach \ndem Chemikaliengesetz. Die Warnzeichen und \u00adhinweise sollen die  Gefahren f\u00fcr \ndie menschliche Gesundheit und die Umwelt minimieren. Um die Wahrschein-\nlichkeit der versehentlichen Anwendung zu verringern, sind die Stadelmann\u00ae-\nAromamischungen mit einem kindersicheren Verschluss versehen.DIE \u00bb9 GOLDENEN REGELN\u00ab  \nDER AROMATHERAPIE:\nF\u00fcr die zu behandelnde Person gilt:\n1 je j\u00fcnger \u2013 desto sparsamer\n2 je leichter \u2013 desto weniger\n3 je sensibler \u2013 desto geringer\n4 je \u00e4lter \u2013 desto individueller\nF\u00fcr die Befindlichkeit gilt:\n5 je gr\u00f6\u00dfer die Schmerzen \u2013 desto mehr \u00d6l\n6 je chronischer die Beschwerden \u2013 desto l\u00e4nger die Behandlung\nF\u00fcr die Menge eines \u00e4therischen \u00d6ls gilt: \n7 je frischer die Note \u2013 desto mehr\n8 je schwerer das \u00d6l \u2013 desto weniger\n9 je gro\u00dffl\u00e4chiger die Anwendung \u2013 desto sparsamer\nQuelle: I. Stadelmann, \u201eBew\u00e4hrte Aromamischungen\u201c.  \nStadelmann Verlag, 6. Auflage, 2009\nHALTBARKEIT , HYGIENE UND LAGERUNG\nUnsere Original-Stadelmann\u00ae-Aromamischungen  werden frisch hergestellt und \nsind entsprechend dem Etikett 1 \u2013 2 Jahre haltbar. Die wasserfreien Salben \nhalten \u00fcber 2 Jahre, die Salzb\u00e4der 6 Monate (Herstelldatum = Chargen- \nBezeichnung sechs Stellen von hinten gelesen: 1-210703 = 3. Juli 20 21).\nUnsere Aromamischungen sind naturbelassen, frei von \nKonservierungsmitteln und synthetischen Zus\u00e4tzen.\nBitte achten Sie auf eine hygienische Entnahme, \ndies gelingt z.B. indem Sie\n\u2022 auf saubere H\u00e4nde achten,\n\u2022 das Ber\u00fchren des Flaschenhalses vermeiden,\n\u2022 bei den Kruken nur den kleinen wei\u00dfen Deckel \u00f6ffnen, \n\u2022 die Cremes mittels L\u00f6ffelstiel oder Spatel entnehmen.DOSIERUNGEN & ANWENDUNGSHINWEISE\nDer \u00e4therische \u00d6lgehalt unserer Original-Stadelmann\u00ae-Aromamischungen  ist \nf\u00fcr eine gen\u00fcgsame Anwendung bestimmt. Achten Sie vor allem bei Schwan -\ngeren und Kleinkindern auf eine knappe Dosierung. Beginnen Sie Ma\u00dfnahmen \nwie z. B. Einreibungen, \u00d6lkompressen oder Wickel fr\u00fchzeitig und wieder\u00ad\nholen Sie sie mehrmals. Eine optimale Hautpflege erzielen Sie, wenn Sie die \nHaut\u00f6le auf die mit einem Hydrolat befeuchtete Haut auftragen und die \u00d6l -\nmenge so w\u00e4hlen, dass sie g\u00e4nzlich in die Haut einzieht. Die Stadelmann\u00ae-\nAromamischungen  eignen sich auch gut f\u00fcr Aromab\u00e4der. Dazu werden sie mit \neinem Emulgator wie Sahne, Honig, Salz oder neutraler Seifenbasis ver -\nmischt. (Bitte beachten Sie die mit  gekennzeichneten Ausnahmen!)\nDuftlampe  (Duft\u00f6le) \nje nach Raumgr\u00f6\u00dfe Kinder:               1 \u2013 5 Tr.\n   Erwachsene: 5 \u2013 15 Tr.\nBadesalz, Dusch & Shampoo, Dusch & \u00d6lbad\n\u2022 Vollbad   Baby: 2 TL \n   Kinder:             1 E L  \n   Erwachsene:  3 \u2013 4 EL\n\u2022 Teilbad (Sitzbad, Fu\u00dfbad) 1 TL auf 1 Liter Wasser \nK\u00f6rper- und Massage\u00f6le im Aromabad\neingemischt in Honig, Sahne oder neutrale Seifenbasis\n\u2022 Vollbad   Kinder: 2 TL\n   Erwachsene:     1 \u2013 2 E L\n\u2022 Teilbad (Sitzbad, Fu\u00dfbad) Kinder: \u00bd TL \n   Erwachsene: 2 \u2013 3 TL\nNaturparf\u00fcm, \u00e4therische \u00d6le* im Aromabad\n\u2022 Vollbad\n\u00ad  Naturparf\u00fcm eingemischt  Kinder:             10 \u2013 20 Tr. \nin Honig, Sahne, Seife, Salz         Erwachsene:      20 \u2013 50 Tr.\u00ad  \u00e4therische \u00d6le* eingemischt Kinder: 3 \u2013 7 Tr.  \nin Honig, Sahne, Seife, Salz         Erwachsene:     7 \u2013 12 Tr.\n\u2022 Teilbad (Sitzbad, Fu\u00dfbad)\n\u00ad  Naturparf\u00fcm eingemischt Kinder: 5 \u2013 9 Tr. \nin Honig, Sahne, Seife, Salz          Erwachsene:  15 \u2013 30 Tr.\n\u00ad  \u00e4therische \u00d6le * eingemischt  Kinder:             1 \u2013 3 Tr. \nin Honig, Sahne, Seife, Salz         Erwachsene:      3 \u2013 10 Tr.\nSalzb\u00e4der nach dem Bad mit klarem Wasser abduschen, um Salzreste auf der \nHaut zu vermeiden. \nK\u00f6rper- und Massage\u00f6le\nNaturparf\u00fcm in K\u00f6rper\u00f6l:  20 \u2013 30 Tr. in 50 ml natives Pflanzen\u00f6l\nNaturparf\u00fcm in Massage\u00f6l: 35 \u2013 50 Tr. in 50 ml natives Pflanzen\u00f6l\nAromawickel\nAromamischung in Grundlage einarbeiten:\nNaturparf\u00fcm ca. 15 Tr. in 1 TL Honig / 1 EL Quark / Heilerde\nK\u00f6rper\u00f6l 1 TL in 1 TL in 1 TL Honig / 1 EL Quark / Heilerde\nMassage\u00f6l 2 TL in 3 TL Honig / 2 EL Quark / Heilerde\nAromasalbe 0,5 cm in 1 TL Honig / 1 EL Quark / Heilerde\n\u00e4therische \u00d6le* 1 \u2013 2 Tr. in 1 TL Honig / 1 EL Quark / Heilerde\n*  \u00e4th. \u00d6le die zur Anwendung am Menschen geeignet sind z.  B. Kosmetikprodukt\nDosierung f\u00fcr K inder dem Alter entsprechend weniger\nAlle Produkte sollten insbesondere bei seltener Verwendung k\u00fchl und \nlichtgesch\u00fctzt aufbewahrt werden; nicht im K\u00fchlschrank oder im feucht -\nwarmen Bad. Da die Salben naturbelassen sind, neigt die darin enthaltene \nSheabutter bei Temperaturschwankungen zur sog. Agglomeratbildung \n(lat.: Zusammenballung, Anh\u00e4ufung). Die kleinen K\u00f6rnchen l\u00f6sen sich  \njedoch auf der k\u00f6rperwarmen Haut sofort wieder auf. Bei l\u00e4ngerer \nNichtverwendung der Aromamischungen in Tuben einen Zentimeter  \nSalbe entfernen. \nTeebaumzweige aus AustralienErg\u00e4nzende Produkte 55\nErg\u00e4nzende Produkte\nWir haben f\u00fcr Sie erg\u00e4nzend zu den Original-Stadelmann\u00ae-Aromamischungen \nein ausgew\u00e4hltes Sortiment zusammengestellt. Raumbeduftungsger\u00e4te, \nDuftkerzen f\u00fcr sinnliche Stunden, Produkte f\u00fcr Ihre t\u00e4gliche K\u00f6rperpflege, \ninsbesondere f\u00fcr Schwangerschaft, Stillzeit und S\u00e4uglingsalter sowie f\u00fcr die \nFrauenhygiene und f\u00fcr die Herstellung Ihrer eigenen Aromarezepte. \nDUFTLAMPEN UND DUFTKERZEN \nBO by ONA  \u2022  Elektrischer Zerst\u00e4uber aus Naturmaterialien\ndie \u00e4therischen \u00d6le werden mit Luft mikrofein vernebelt \u2013 ohne Wasserzugabe, \nohne Erhitzung und ohne Ultraschall \u2013 und kommen nur mit reinem Glas in Be -\nr\u00fchrung. Der Luftstrom wird mit einer speziellen Pumpe aus dem Medizinbereich \nerzeugt, die fast nicht h\u00f6rbar ist; stufenlos regelbar, f\u00fcr kleine und gro\u00dfe R\u00e4ume \ngeeignet. Das Geh\u00e4use ist aus Bambusholz mit einem Innenleben aus Glas.\n wei\u00df 08116318 H\u00f6he ca. 20 cm 79,95 \u20ac\n gelb 08116319 H\u00f6he ca. 20 cm 79,95 \u20ac\n schwarz 08116323 H\u00f6he ca. 20 cm 79,95 \u20ac\n stein 08116324       H\u00f6he ca. 20 cm        79,95  \u20ac\nELIA  \u2022  Aromavernebler\nder Vernebler zeichnet sich durch sein charakteristisches Design aus. Der \nweiche Nebel wird wirkungsvoll durch Lichteffekte illuminiert. Er ist aus \nBambus und Metall geformt, der Wasserbeh\u00e4lter zum Eintr\u00e4ufeln der \u00e4theri -\nschen \u00d6le ist aus Kunststoff. Die Diffusion erfolgt mittels Ultraschallverneb -\nlung. Praktisch: er h\u00e4lt selbstst\u00e4ndig an, wenn der Beh\u00e4lter leer ist.\n                                                         08118522       H\u00f6he 6,5 cm, \u00f815 cm  49,90 \u20ac \nFeel Happy  \u2022  Aromavernebler  \nder Ultraschallvernebler bietet eine Vielzahl von Bedienungsvarianten und  \nbeduftet R\u00e4ume bis zu 30 m\u00b2 durch schonende Kaltvernebelung. Der moderne  \nDiffuser aus Kunststoff steigert zus\u00e4tzlich die Luftfeuchtigkeit. Die Vernebe -\nlungsmenge kann in drei Stufen von 15 bis 30 ml variiert werden. Ebenso k\u00f6n -\nnen drei Zeitstufen gew\u00e4hlt werden. \n                                                         14407455       H\u00f6he ca. 14 cm 5 9, 9 0  \u20acDuftkerzen  \ndezent gelbe und gr\u00fcne Duftkerzen, die mit ihrer intensiven Leuchtkraft einen \nmilden Duft verbreiten und eine angenehme Atmosph\u00e4re schaffen; mit \n ausgew\u00e4hlten Original-Stadelmann\u00ae-Aromamischungen  beduftet. Die Licht \u00ad und \nBrenn  qualit\u00e4t erh\u00f6ht sich, wenn die kleine Kerze beim ersten Anz\u00fcnden min -\ndestens 1 Stunde, die gro\u00dfe 3 \u2013 4 Stunden brennen kann. \nDie Kerzen werden in den \u00bbAllg\u00e4uer Werkst\u00e4tten\u00ab  mit viel Liebe und Sorgfalt \nvon  behinderten Menschen hergestellt. \nParaffin; Stearin; gebleichtes Bienenwachs\nDuftkerze Geburts\u00f6l                      08239367       gelb, H\u00f6he ca. 13,5 cm 13,75 \u20ac\nDuftkerze Fr\u00fcchtekorb                  08239380       gelb, H\u00f6he ca. 9,0 cm 5,85 \u20ac\nDuftkerze Citronella-Rosengeranie\nf\u00fcr drinnen                                    08278252       gr\u00fcn, H\u00f6he ca. 9 cm 5,85 \u20ac\nf\u00fcr drau\u00dfen, in Aluschale gegossen   08278253       gr\u00fcn, ca. \u00f810 cm 6,50 \u20ac\nGRUNDLAGEN F\u00dcR IHRE MISCHUNGEN\nDie folgenden drei Produkte eignen sich zum Einmischen von \u00e4therischen \n\u00d6len Ihrer Wahl.\nGrundlage Creme  \ngalenisch stabil bis max. 10 % \u00e4th. \u00d6lgehalt\nWasser, Jojobawachs, Glycerin, Cetearylalkohol, Glycerinstearat/-citrat, Pentylengly -\nkol, Natrium Levulinate, Natrium Anisate, Xanthan-Gummi, Tocopherol, Milchs\u00e4ure\n7,46 \u20ac/100 ml 14886332 120 ml 8,95 \u20ac\nGrundlage Duschgel  \u2022  biologisch abbaubar  \nWasser, Natriumcocosulfat, Natriummethylcocoyltaurat, Kokosglucoside, Glycerin, \nGuarkernmehl, Zitronens\u00e4ure\n4,95 \u20ac/100 ml 16014783 100 ml 4,95 \u20ac\n3,19 \u20ac/100 ml 16014808 500 ml 15,95 \u20ac\n2,30 \u20ac/100 ml Nachf\u00fcllflasche  16014955 1000 ml 22,95 \u20ac\nGrundlage Emulsion\ngalenisch stabil bis max. 2 % \u00e4th. \u00d6lgehalt\nWasser, Jojobawachs, Mandel\u00f6l, Glycerin, Pentylenglykol, Pektin, Xanthan-Gummi, \nNatrium Levulinate, Natrium Anisate, Carrageen, Tocopherol, Milchs\u00e4ure \n3,32 \u20ac/100 ml 14886349 300 ml 9,95 \u20ac\nGro\u00dfgebinde gerne auf Anfrage.Bei Ultraschall\u00ad und Aromaverneblern wird Wasser und \u00e4therisches \u00d6l \nben\u00f6tigt. Bei Zerst\u00e4ubern wird nur \u00e4therisches \u00d6l ben\u00f6tigt. \nAlle Ger\u00e4te m\u00fcssen vor dem n\u00e4chsten Einsatz gereinigt werden! \nEin ausgew\u00e4hltes \nSortiment\nTipp: Eine Zeitschaltuhr steuert das Ger\u00e4t f\u00fcr Ihre individuelle Beduftungszeit.56 Erg\u00e4nzende Produkte Erg\u00e4nzende Produkte 57HAUT- UND K\u00d6RPERPFLEGE\nGesichtscreme  \u2022  blumig, herb\nf\u00fcr die empfindliche und trockene Haut\nWollwachsalkoholsalbe, Rosenhydrolat, Nachtkerzen\u00f6l, Jojobawachs, Sesam\u00f6l,  \nZitrone, Lavendel, Neroli, Thymian, Rose\n3 9 , 6 7  \u20ac /1 0 0  m l 16084588       15  ml      5 , 9 5 \u20ac\n25,90 \u20ac/100 ml  Airless 01749846 50 ml 12,95 \u20ac\n27,00 \u20ac/100 ml  Glastiegel 15389021 50 ml 13,50 \u20ac\nHand- und Schrundensalbe  \u2022   \nzur Pflege rauer und rissiger H\u00e4nde\nGlycerin, Wasser, Cetearylalkohol, Cetiol, Squalane, Hamamelishydrolat,  \nWollwachsalkoholsalbe, Allantoin, Guajazulen\n18,33 \u20ac/100 ml 01750217 Tube 30 ml 5,50 \u20ac\n11,36 \u20ac/100 ml 01750200 Kruke 70 ml 7,95 \u20ac\nPflanzen\u00f6lseifen werden bei uns im Haus liebevoll auf traditionelle Weise \nvon Hand hergestellt; f\u00fcr Haut und Haar angenehm mild und r\u00fcckfettend; \npflegt  zarte Babyhaut ebenso wie strapazierte und trockene H\u00e4nde.\nPflanzen\u00f6lseife Duftmelodie  \nRaps-, Kokos-, Oliven-, Palm\u00f6l, Natriumhydroxid, Wasser, Orange, Bergamotte, \n Lavendel, Sandelholz, Weihrauch, Atlaszeder, Vetiver, Benzoe Siam\n13,17 \u20ac/100 ml 14416661 30 ml 3 , 9 5 \u20ac\n6,50 \u20ac/100 ml 14416827 100 ml 6,50 \u20ac\nPflanzen\u00f6lseife Gr\u00e4serkorb\nRaps-, Kokos-, Oliven-, Palm\u00f6l, Natriumhydroxid, Wasser, Palmarosa, Lemongras, \nCitronella\n11,67 \u20ac/100 ml  14465174 30 ml 3,50 \u20ac\n5,95 \u20ac/100 ml 14465168 100 ml 5 , 9 5 \u20ac\nPflanzen\u00f6lseife neutral\nOliven-, Kokos\u00f6l, Sheabutter, Natriumhydroxid, Wasser\n10,67 \u20ac/100 ml  14465197 30 ml 3,20 \u20ac\n5,50 \u20ac/100 ml 15322933  100 ml 5,50 \u20ac\nSeifens\u00e4ckchen aus Sisal  \nDas S\u00e4ckchen eignet sich perfekt zum Duschen denn die Seife sch\u00e4umt  \ndarin wunderbar auf \u2013 anschlie\u00dfend zum Trocknen aufh\u00e4ngen\n 08115265 1 St\u00fcck 3 , 9 0 \u20acH\u00c4NDEDESINFEKTION\nH\u00e4ndedesinfektion Gel mit Lavendel  \u2022  zart lavendelig  \nBAuA Registriernummer 96689; Wirkstoff: Bio \u00adEthanol 80 % (V/V)\nf\u00fcr die wohlduftende, regelm\u00e4\u00dfige H\u00e4ndedesinfektion\nEthanol, Wasser, mod. Guarkernmehl, Lavendel, Milchs\u00e4ure\n13,80 \u20ac/100 ml 16754221 50 ml 6 , 9 0 \u20ac\n9,90 \u20ac/100 ml 16754238 100 ml 9,90 \u20ac \nH\u00e4ndedesinfektion mit Lavendel  \u2022  zart nach Lavendel  \nBAuA Registriernummer 96688; Wirkstoff: Bio \u00adEthanol 85,5 % (V/V)\nzur hygienischen H\u00e4ndedesinfektion\nEthanol, Wasser, Glycerin, Lavendel\n4,90 \u20ac/100  ml                                   mit Spender 16754020                     100  ml 4 , 9 0 \u20ac\n2,98 \u20ac/100 ml                                    mit Spender 16754190                     500  ml 14 , 9 0  \u20ac\n2,90 \u20ac/100 ml                               Nachf\u00fcllflasche 16754184                     500  ml 14,50  \u20ac\nH\u00e4ndedesinfektion Mandarine  \u2022  zart nach Mandarine  NEU!\nBAuA Registriernummer 99652 Wirkstoff: Bio \u00adEthanol 85,5 % (V/V)\nzur hygienischen H\u00e4ndedesinfektion\nEthanol, Wasser, Glycerin, Mandarine, Wasserstoffperoxid\n4,90 \u20ac/100 ml                                      mit Spender  17305560            100 ml 4,90 \u20ac\n2,90 \u20ac/100 ml                                  Nachf\u00fcllflasche  17305577              500 ml 14,50  \u20ac\nH\u00e4ndedesinfektion Teebaum-Zirbe  \u2022  krautig  NEU!\nBAuA Registriernummer 99658; Wirkstoff: Bio \u00adEthanol 85,5 % (V/V)\nf\u00fcr die wohlduftende, regelm\u00e4\u00dfige H\u00e4ndedesinfektion\nEthanol, Wasser, Glycerin, Lavendel, Teebaum, Zirbelkiefer\n4,90 \u20ac/100 ml                                                       17305583                       50  ml 4 , 9 0 \u20ac\n2,90 \u20ac/100  ml                                                        17305614                     100  ml 14,50  \u20ac\nBiozidprodukte vorsichtig verwenden. \nVor Gebrauch stets Etikett und Produktinformation lesen.\nWeitere Naturprodukte \u2013\nBernsteinketten f\u00fcr Babys sowie  \nNaturtextilien f\u00fcr die ganze Familie: \nwww.stadelmann-natur.deF\u00dcR DIE FRAU \u2013 HYGIENEARTIKEL \nNatracare, aus 100 % reiner Baumwolle aus kontrolliert biologischem Anbau \nund ohne Kunststoff hergestellt, chlorfrei gebleicht sowie biologisch abbaubar\nDamenbinde normal (regular) 08256450 14 Stk. 3,30 \u20ac\nDamenbinde super 08256466 12 Stk. 3,30 \u20ac\nDamenbinde Nacht (night \u00adtime) 08256489 10 Stk. 4,30 \u20ac\nDamenbinde Ultra Extra Normal mit Fl\u00fcgeln  08105470 12 Stk. 3,50 \u20ac\nDamenbinde Ultra Extra Super mit Fl\u00fcgeln  08105472 10 Stk. 3,50 \u20ac\nWochenbetteinlage 08103956 10 Stk. 4,50 \u20ac\nSlipeinlagen geformt 08273358 30 Stk. 2,70 \u20ac\nTampons normal (regular) 08256495 20 Stk. 4,10 \u20ac\nTampons super 08256503 20 Stk. 4,50 \u20ac\nTampons super plus 08256510 20 Stk. 4,70 \u20ac\nF\u00dcR SCHWANGERSCHAFT , STILL-  \nUND KLEINKINDZEIT \nDie Hebamme Ingeborg Stadelmann empfiehlt in ihrem Bestseller  \n\u00bbDie Hebammen \u00adSprechstunde\u00ab folgende bew\u00e4hrte Naturprodukte:\nBouretteseiden \u00adEinlagen\nDisana, gestrickte Seidenwindeln, die sowohl bei wunden Babypopos als auch \nin der Erwachsenenpflege eine bessere Luftzirkulation erm\u00f6glichen; wirken \n k\u00fchlend auf entz\u00fcndeter Haut, leiten Feuchtigkeit ab und unterst\u00fctzen die \nHeilung\nGr\u00f6\u00dfe 45 x 15 cm 08127965 5er\u00adPack 22,90 \u20ac\nBaby\u00adPfleget\u00fccher\nNatracare, aus Bio \u00adBaumwolle, alkohol \u00ad, chlor \u00ad, parabenfrei\n 08105178 50 St\u00fcck 4 , 9 0 \u20ac\nIntim \u00adPfleget\u00fccher \nNatracare, aus Bio \u00adBaumwolle, alkohol \u00ad, chlor \u00ad, parabenfrei\n 08104871 12 St\u00fcck 2,60 \u20acHeilwolle  \nreine, unbehandelte Schafwolle; Roh- und Heilwolle ist einmal gewaschene, \nunversponnene Schafwolle aus \u00fcberwiegend biologischer Tierhaltung (kbT) \nohne Pestizideinsatz\n4,95 \u20ac/100 g 03714504 100 g 4,95 \u20ac\nHeublumen  \ngeburtsvorbereitend und entspannend\n1,95 \u20ac/100 g 08239350 100 g 1,95 \u20ac\nSeidenp\u00fcppchen  \nmit Kamillenbl\u00fcten gef\u00e4rbt; f\u00fcr die Kleinsten zum Kuscheln und Lutschen; das \nK\u00f6pfchen der Seidenpuppe ist mit Schafwolle gef\u00fcllt und ausreichend gro\u00df, \nsodass es vom Kind nicht in den Mund genommen werden kann\n 08256621  15,95 \u20ac\nVeilchenwurzel  \neine traditionelle Bei\u00dfhilfe f\u00fcr das zahnende Kleinkind\n 00849876  10,95 \u20ac\nProdukte der Firmen Primavera und Farfalla liefern wir gerne. Auf Nach -\nfrage erhalten Sie kostenlose Kataloge, bzw. Wiederverk\u00e4ufer entspre -\nchend Fachhandelspreislisten.Unser Buchtipp! Nina Hanefeld\nLin und das Geheimnis des Zyklus\nFundiertes Wissen rund um Zyklus und Menstruation \neingebettet in eine zauberhafte Geschichte. \nLin ist ein ganz normales M\u00e4dchen \u2013 das denkt sie zu-\nmindest. Doch dann steht pl\u00f6tzlich eine Fee in ihrem \nZimmer. Ausgestattet mit einer magischen Tasche und \neinem Beamer beginnt die Fee, Lin behutsam in die  \nGeheimnisse der Pubert\u00e4t einzuweihen.\n58 Anwendungsm\u00f6glichkeiten 59\nINFOMATERIAL \nProduktkatalog der Bahnhof-Apotheke   08020410\nPoster Original-Stadelmann\u00ae-Aromamischungen   08020380\nFlyer Wickel & Co.\u00ae   08104505\nPoster Wickel & Co.\u00ae   08104677\nSie ben\u00f6tigen Unterst\u00fctzung beim Marketing?\nGerne versorgen wir Sie mit individuellem Dekomaterial \noder Werbemitteln. Ihre Ansprechpartnerin Andrea \nReichard ber\u00e4t Sie unter: Tel. 00 49 (0)8 31 \u2013 5 22 66 50 \noder redaktion@bahnhof-apotheke.de\nPR\u00c4SENTATIONSMATERIAL \nTubenaufsteller \u2013 aus Birke \u00adMultiplex (9 mm) \nsiehe Abbildung unten\nAufsteller f\u00fcr 5 Tuben 9 ml 08265241 2,95 \u20ac\nAufsteller f\u00fcr 5 Tuben 15 ml 08265235 3,20 \u20ac\nAufsteller f\u00fcr 4 Tuben 30 ml 08265229 3,20 \u20ac\nProduktregal\n\u2022 ca. 70 cm breit / ca. 1,80 cm hoch\n\u2022 5 B\u00f6den\n\u2022 Deko-Schild Original-Stadelmann\u00ae-Aromamischungen\n\u2022 5 Holzaufsteller f\u00fcr Tuben werden kostenfrei mitgeliefert\nDie Kosten f\u00fcr die Anfertigung der Deko-Schilder (vorder- und r\u00fcckseitig \n bedruckt) sowie f\u00fcr Verpackung und Fracht \u00fcbernimmt die Bahnhof-Apotheke .\n 08265413  390,00 \u20ac\nNachhaltig handelnUmweltbewusstsein und Nachhaltigkeit sind f\u00fcr uns keine Modew\u00f6rter, \nsondern gelebtes Programm. Das beginnt mit der Unterst\u00fctzung f\u00fcr weltwei -\nte An bauprojekte und h\u00f6rt mit dem klimaneutralen Versand unserer Waren \nnoch l\u00e4ngst nicht auf. Das Beste daran: Mit dem Kauf unserer Produk -\nte tun auch Sie etwas f\u00fcr die Umwelt und ein faires Miteinander!\nKlimaneutral seit 2016\ndurch CO2-Kompensation. Es ist uns ein besonderes Anliegen, unseren \nCO2\u00adFu\u00dfabdruck so gering wie m\u00f6glich zu halten. Schon seit einigen Jahren \narbeiten wir kontinuierlich daran, nachhaltiger zu werden (zum Beispiel nut -\nzen wir bereits seit 2009 100 % Strom aus Wasserkraft und fahren Elektro \u00ad\nLieferautos). Um unsere CO2\u00adEmissionen vollst\u00e4ndig kompensieren zu k\u00f6n -\nnen, haben wir unseren CO2\u00adWert mit Hilfe des EZA (Energie \u00ad und \nUmweltzentrum Allg\u00e4u) berechnen lassen. CO2-Klimakompensation bedeu -\ntet, dass der Kohlendioxid\u00adAussto\u00df an einem Ort durch Klimaschutzma\u00dfnah -\nmen und Treibhausgas \u00adEinsparungen an anderer Stelle wieder ausgeglichen  \nwerden. Wir kompensieren unsere CO2\u00adEmission, indem wir die Trink-  \nwasserbrunnenprojekte in Simbabwe und Solar India  unterst\u00fctzen.\nWir st\u00e4rken Anbauprojekte\nMit dem Einkauf der \u00d6le f\u00fcr unsere Original-Stadelmann\u00ae-Aroma-\nmischungen  unterst\u00fctzen wir auch Hilfs  projekte auf der ganzen \nWelt. So stammt z. B. unser Eisenkraut\u00f6l aus Peru, das Immor\u00ad\ntellen\u00f6l vorwiegend aus Korsika und ein Teil des Rosen\u00f6ls aus dem Iran. \nAusf\u00fchrliche Infos: www.bahnhof-apotheke.de\nWir f\u00f6rdern FairWild\nFairWild ist ein Pr\u00fcfsiegel f\u00fcr kontrollierte Wild -\nsammlungen. Es garantier t , dass die Wildsammlung von Duf tpflanzen f\u00fcr \u00e4the -\nrische \u00d6le nach \u00f6kologischen und sozial vertr\u00e4glichen Kriterien erfolgt ist. \nDas Pr\u00fcfsiegel wird von der FairWild Foundation in der Schweiz vergeben. \nApotheker Dietmar Wolz ist Stiftungsmitglied der Organisation, weil es ihm \nwichtig ist, dass \u00e4therische \u00d6le auch in Zukunft verf\u00fcgbar sind und dabei sozi -\nale und umweltgerechte Richtlinien eingehalten werden.Wir nutzen Strom aus Wasserkraft\nBei der Herstellung unserer Original-Stadelmann\u00ae-\nAromamischungen  legen wir gr\u00f6\u00dften Wert auf Handarbeit. Trotzdem geht \nauch bei uns nicht  alles von Hand. Dann nutzen wir nat\u00fcrlichen Strom aus hei -\nmischer Wasserkraft von Allg\u00e4uStrom Kl !ma mit garantiert 0 % CO2-Aussto\u00df.\nWir versenden klimafreundlich\nBei der Zustellung unserer Warensendungen nutzen \nwir den klimaneutralen Service GoGreen von DHL. \nDas hei\u00dft, die Pakete werden von  besonders emissionsarmen bzw. -freien \nFahrzeugen transportiert. Zus\u00e4tzlich gleicht GoGreen alle entstehenden \nCO2\u00adBelastungen durch die Unterst\u00fctzung von Umweltprojekten aus. F\u00fcr \nunsere Sendungen nach \u00d6sterreich nutzen wir die klimaneutrale Zustellung \ndurch die \u00f6sterreichische Post AG.\nWir bevorzugen \u00d6ko-Druck\nDieser Katalog wurde mit mineral\u00f6larmen  \u00d6ko\u00adDruckfarben auf 100 % Re -\ncycling \u00adPapier bei Uhl \u00adMedia gedruckt. Auch der Druck selbst erfolgte che -\nmie\u00ad und wasserarm, dabei wurde elektrische Energie aus Wasserkraft ge -\nnutzt. Die entstandenen CO2\u00adEmissionen kompensiert Uhl \u00adMedia durch die \nUnterst\u00fctzung von Aufforstungsma\u00dfnahmen.\nZertifikat\nCO2-NEUTRAL \nMIT KOMPEN SATION\nT\u00dcV AUSTR IA SER VICES GMBH\nEs steckt viel\nGr\u00fcn im GelbDI Peter Umundum \nVorstand Paket & Logistik\nDI Dr. Georg P\u00f6lzl \nGeneraldirektor\nDI Walter Oblin \nGeneraldirektor-StellvertreterDie \u00d6sterreichische Post AG kompensierte f\u00fcr\n APOTHEKER DIETMAR WOLZ E. K.\nalle im Jahr 2019 bei der Zustellung \nentstandenen CO2 - Emissionen.\nDie \u00d6sterreichische Post AG reduziert ihre CO2 - Emissionen durch den effizienten Umgang mit Ressourcen und den Einsatz \nalternativer Energieformen. Alle Emissionen, die derzeit noch nicht vermieden werden k\u00f6nnen, werden durch die Unterst\u00fctzung \nanerkannter und zertifizierter Klimaschutzprojekte kompensiert. N\u00e4here Informationen unter post.at/co2neutral\nNachhaltig handeln\n \nBilanzierung nach den Vorgaben des \"Greenhouse Gas Protocol\u201c \ngepr\u00fcft durch Ifeu Institut Heidelberg Urkunde \n 100% klimaneutral \ndie Firma \n \n hat die verbleibenden \nTreibhausgas- Emissionen des Gesch\u00e4ftsjahres 2020 \nin einer H\u00f6he von  \n durch den Kauf von      \n   Zertifikaten aus den  \nGold-Standard-Projekten  \nTrinkwasserbrunnen Simbabwe und Solar India  \nzu 100% kompensiert. \n \nIn den Klimafonds Allg\u00e4u  \nf\u00fcr regionale Nachhaltigkeitsprojekte  \nwurden zudem             \neingezahlt. \n  \nKempten (Allg\u00e4u), den \n \n \n \nMartin Sambale \nGesch\u00e4ftsf\u00fchrer \nEnergie- und Umweltzentrum Allg\u00e4u   \n  \nBahnhof Apotheke Kempten \n397 t CO2eq \n397 \n1.507 \u20ac  \n18.12.2020 \nLEERFLASCHEN AUS BRAUNGLAS\nRundglasflaschen  \nmit Schraubverschluss 08239605 10 ml 0,35 \u20ac\n 08239611 20 ml 0,40 \u20ac\n 08239628 30 ml 0,40 \u20ac\n 08279269 50 ml 0,40 \u20ac\nmit Glaspipette 08239634 10 ml 0,65 \u20ac\n 08239640 20 ml 0,65 \u20ac\n 08239657 30 ml 0,65 \u20ac\nmit Tropfer, d\u00fcnnfl\u00fcssig 08239663 10 ml 0,40 \u20ac\n 08239670 20 ml 0,50 \u20ac\n 08239686 30 ml 0,50 \u20ac\nmit Tropfer, dickfl\u00fcssig 08239692 10 ml 0,35 \u20ac\n 08239700 20 ml 0,40 \u20ac\n 08239117 30 ml 0,40 \u20ac\nFlachglasflaschen  \nmit Gie\u00dfring \u00adEinsatz 08239723 50 ml 0,70 \u20ac\n 08239730 100 ml 0,70 \u20ac\nSpr\u00fchaufs\u00e4tze  \nSchlauchl\u00e4nge des Spr\u00fchaufsatzes bitte nach Bedarf abschneiden\nf\u00fcr Rundglasflasche 08240459  0,80 \u20ac\nf\u00fcr Flachglasflasche (fette \u00d6le) 08239746  1,25 \u20ac\nMundspr\u00fchaufsatz          \n 08112094                                     1,05 \u20ac\nRoll\u00adon mit Glaskugel \nRoll\u00adon Aufsatz f\u00fcr Rundglasflaschen  08116000  0,70 \u20ac\nRoll\u00adon Aufsatz mit 10 ml Flasche 08116001 10 ml 0 , 8 0 \u20ac\nDuschgelflaschen mit Dosierspender \n 08116002 100 ml 0,85 \u20ac\n 08116005 300 ml 0,95 \u20ac\n 08116006 500 ml 1,20 \u20ac\nGlasperlen  \nzur Sauerstoffverdr\u00e4ngung nach Anbruch der Flaschen\nDurchmesser 6 mm 08107562 80 g 1,95 \u20ac\nBeliebte Tees 61\nBeliebte Tees\nAbendtee  \u2022  Kr\u00e4utertee  \nZutaten: Zitronenverbene kbA,  Holunderbl\u00fcten kbA, Ros -\nmarin kbA, Johanniskraut kbA, Ysopkraut, Erdbeerbl\u00e4tter, \nKornblumenbl\u00fcten, Kamillenbl\u00fcten kbA; Bio\u00adAnteil: 71 %\n10,48 \u20ac/100 g 08000070 52,5 g 5,50 \u20ac\nAllg\u00e4uer Kr\u00e4utertee \u2002  \u2022  Kr\u00e4uter \u00ad, Fr\u00fcchtetee  \nZutaten: Hagebuttenschalen, Hibiskusbl\u00fcten, Malvenbl\u00fcten, \nK\u00f6nigskerzenbl\u00fcten, Pfefferminzbl\u00e4tter, Melissenbl\u00e4tter, \nOrangenschale\n7,57 \u20ac/100 g 08000235 105 g 7,95 \u20ac\nAllg\u00e4uer Schneegst\u00f6ber \u00adTee \u00b7 Kr\u00e4uter-, \nGew\u00fcrztee  \nZutaten: Orangenschalen, Hibiskusbl\u00fcten, Apfelst\u00fccke, \nRoibusch/Vanille, Damianabl\u00e4tter, Sternanis, Zimtrinde, \nKardamon\n7,50 \u20ac/100 g 08000258 100 g 7,50 \u20ac\nAlpengl\u00fchen  \u2022  Bl\u00fcten-, Kr\u00e4utertee  \nZutaten: S\u00fc\u00dfholzwurzel, Hibiskusbl\u00fcten, Malvenbl\u00fcten, \nRingelblume, Melissenbl\u00e4tter, Rosenbl\u00fcten\n7,22 \u20ac/100 g 08256408 90 g 6,50 \u20ac\nAphrodite  \u2022  Kr\u00e4uter \u00ad, Fr\u00fcchtetee  \nZutaten: Hagebuttenschalen, Lindenbl\u00fcten, Frauenman -\ntelkraut kbA, Roibusch/Vanille, Rosenbl\u00fcten, Damiana -\nbl\u00e4tter, Kardamon; Bio \u00adAnteil: 13,95 %\n7,76 \u20ac/100 g 08266571 86 g 6,50 \u20ac\n\u00c4rger-dich-nicht \u2002  \u2022  Kr\u00e4utertee  \nZutaten: Kamillenbl\u00fcten, Pfefferminzbl\u00e4tter, S\u00fc\u00dfholz -\nwurzel, Brombeerbl\u00e4tter, Tausendg\u00fcldenkraut\n10,47 \u20ac/100 g 08256414 43 g 4,50 \u20ac\nBasentee  \u2022  Kr\u00e4utertee  \nZutaten: Schafgarbenkraut kbA, L\u00f6wenzahnkraut kbA, \nZitronenverbene kbA, Brennnesselbl\u00e4tter kbA, Linden -\nbl\u00fcten kbA, Ringelblume kbA; Bio \u00adAnteil: 100 %\n8,13 \u20ac/100 g 08001114 80 g 6,50 \u20acGartenfreude \u2002  \u2022  Kr\u00e4utertee  \nZutaten: Melissenbl\u00e4tter kbA, Frauenmantel kbA, Him -\nbeerbl\u00e4tter kbA, Brombeerbl\u00e4tter kbA, Linden  bl\u00fcten \nkbA, Schafgarbenkraut kbA, Pfefferminze kbA, Ringel -\nblume kbA; Bio \u00adAnteil: 100 %\n8,50 \u20ac/100 g 08004658 70 g 5,95 \u20ac\nGipfelsicht \u2002  \u2022  Kr\u00e4uter \u00ad, Fr\u00fcchtetee  \nZutaten: Zitronenschale, schwarze Johannisbeeren, Zitro-\nnengras kbA, Sanddornbeeren, Melissenbl\u00e4tter kbA, Hibis-\nkusbl\u00fcten, Zitronenverbene kbA, Quendelkraut, F\u00e4rber \u00ad\ndistelbl\u00fcten, Pfefferminzbl\u00e4tter kbA; Bio\u00adAnteil: 32,7 %\n8,33 \u20ac/100 g 08017550 78 g 6,50 \u20ac\nGr\u00fcner Cistrosentee   Neu\nZutaten: Gr\u00fcntee Sencha 50 % kbA, Cistrosenkraut 30 %, \nZitronenverbene kbA; Bio \u00adAnteil 70 %\n8 , 9 5 \u20ac /1 0 0  g         08126071            100 g 8,95 \u20ac \nGr\u00fcntee f\u00fcr Frauen  \u2022  Kr\u00e4utertee  \nZutaten: Gr\u00fcntee kbA 59 %, Zitronenverbene kbA,  \nSalbeibl\u00e4tter kbA; Bio \u00adAnteil: 100 %\n7,00 \u20ac/100 g 08109946 85 g 5,95 \u20ac\nGr\u00fcntee f\u00fcr M\u00e4nner   \u2022  Gew\u00fcrz\u00ad, Kr\u00e4utertee \nZutaten: Gr\u00fcntee kbA 26,7 %, Zitronenschale, Ingwer -\nwurzel, Zitronengras, Kardamon , Weidenr\u00f6schen -\nkraut, Silbermantelkraut; Bio \u00adAnteil: 26,7 %\n7,93 \u20ac/100 g 08251204 75 g 5,95 \u20ac\nHaustee    \u2022  Kr\u00e4uter \u00ad, Fr\u00fcchtetee  \nZutaten: Hibiskusbl\u00fcten, Hagebuttenschalen, Brom -\nbeerbl\u00e4tter, Pfefferminzbl\u00e4tter\n5,50 \u20ac/100 g 08005445 100 g 5,50 \u20ac\n4,48 \u20ac/100 g 08005451 200 g 8,95 \u20ac\n2,50 \u20ac/100 g 08005468 1 kg 24,95 \u20ac\nHerzenstr\u00f6ster \u2002  \u2022  Kr\u00e4uter \u00ad, Fr\u00fcchtetee  \nZutaten: S\u00fc\u00dfholzwurzel, Johanniskraut, Rosenbl\u00fcten, \nMelissenbl\u00e4tter, Passionsblumenkraut, Pfefferminz-  \nbl\u00e4tter, Damianabl\u00e4tter\n7,93 \u20ac/100 g 08256390 75 g 5,95 \u20acBittertee  \u2022  Kr\u00e4uter \u00ad, Fr\u00fcchte \u00ad, Wurzeltee\nL\u00f6wenzahnkraut und \u00ad wurzel, Enzianwurzel, Tausend -\ng\u00fcldenkraut, Anisfr\u00fcchte kbA, Fenchelfr\u00fcchte kbA,  \nMelissenbl\u00e4tter kbA; Bio \u00adAnteil: 30 %\n9,50 \u20ac/100 g 08108764 100 g 9,50 \u20ac\nBlasen \u00ad und Nierentee   \u2022  Kr\u00e4utertee  \n6,32 \u20ac/100 g 08001499 110 g 6,95 \u20ac\n4,52 \u20ac/100 g 08001507 220 g 9,95 \u20ac\nEibisch\u00adS\u00fc\u00dfholz\u00adT ee  \u2022  Kr\u00e4uter \u00ad, Fr\u00fcchtetee  \nZutaten: Thymiankraut, Spitzwegerichkraut, S\u00fc\u00dfholz -\nwurzel 15 %, Fenchelfr\u00fcchte , Eibischwurzel 5 %, Mal -\nvenbl\u00fcten, Lungenkraut, Hagebuttenschalen, Kornblu -\nmenbl\u00fcten\n13,00 \u20ac/100 g 08016609 50 g 6,50 \u20ac \n10,95 \u20ac/100 g 08016615 100 g 10,95 \u20ac \nErk\u00e4ltungstee  \u2022  Kr\u00e4utertee   \n11,33 \u20ac/100 g 08121857 75 g 8,50 \u20ac\nFamilientee  \u2022  Kr\u00e4utertee\nZutaten: Brombeerbl\u00e4tter, Johanniskraut, Zitronen -\ngras, Melissenbl\u00e4tter, Weissdornbl\u00e4tter mit Bl\u00fcten\n5,50 \u20ac/100 g 08003890 100 g 5,50 \u20ac\nFlau im Magen  \u2022  Kr\u00e4uter \u00ad, Gew\u00fcrztee\nZutaten: Ingwerwurzel, Fenchelfr\u00fcchte kbA, Kamillen -\nbl\u00fcten kbA, Ringelblumen kbA; Bio \u00adAnteil: 50 %\n11,36 \u20ac/100 g 08108759 70 g 7,95 \u20ac\nFrauentee nach K\u00fcnzle \u2002  \u2022  Kr\u00e4utertee  \nZutaten: Schafgarbenkraut, Taubnesselbl\u00fcten, Rosma-\nrin, Melissenbl\u00e4tter, Baldrianwurzel, Pfefferminzbl\u00e4tter, \nFrauenmantelkraut, Silbermantelkraut, Hirtent\u00e4schel -\nkraut, Schachtelhalmkraut, Kamillenbl\u00fcten, Johannis -\nkraut, G\u00e4nsefingerkraut, Ringelblume\n9,42 \u20ac/100 g 08004345 95 g 8,95 \u20ac\n = Rezepturarzneimittel. Die hauseigenen \nRezepturen sind apothekenpflichtig und werden \nnach Bestelleingang f\u00fcr Sie hergestellt.Hom\u00f6opathischer Hinweis: Mit einem #  \ngekennzeichnete Tees enthalten Pfefferminze.\nDie Kr\u00e4uter werden vor ihrer Handabf\u00fcllung \nauf Identit\u00e4t, Reinheit und Inhaltsstoffe gepr\u00fcft. \nViele der Tees stammen aus kontrolliert biologi -\nschem Anbau (kbA) nach DE \u00ad\u00d6ko\u00ad006 und sind \ndas Ergebnis unseres ganzheitlichen Denkens.Original-T eerezepturen  \nvon Ursel B\u00fchring \nDarmfit \u2002  \u2022  Kr\u00e4utertee  \n7,95 \u20ac/100 g 08266588 100 g 7,95 \u20ac \nDenkfit  \u2022  Kr\u00e4utertee  \n6,95\u20ac/100 g 08266619 100 g 6,95\u20ac\nGelenkfit  \u2022  Kr\u00e4utertee  \n5,79 \u20ac/100 g 08266602 120 g 6,95 \u20ac\nHerzklopfen  \u2022  Kr\u00e4utertee  \n6,45 \u20ac/100 g 08266625 100 g 6,45 \u20ac\nLeber \u00adBl\u00fcmchen \u2002  \u2022  Kr\u00e4utertee  \n6,50 \u20ac/100 g 08266594 100 g 6,50 \u20ac\nProbier-Sets  \n\u201eHei\u00dfe Freunde\u201c\nin je 3 gr\u00fcnen Dosen (ergibt pro Dose ca. 8 Tas -\nsen Tee). Zutatenliste siehe Einzeltees.\nAuf rosa Wolken \nRose-Roibusch-Tee; Aphrodite-Tee; Minzfrisch-Tee # \n  08104927 7,50 \u20ac\nIm Winterwunderland  \nAllg\u00e4uer Schneegst\u00f6ber \u00adTee; Holunder \u00adLindenbl\u00fcten \u00ad\nTee; Abendtee  \n  08104928 7,50 \u20ac\nZ\u00e4met auf\u2019m Kanapee \nAllg\u00e4uer Kr\u00e4utertee #; Ingwer \u00adfresh \u00adTee #; Familientee\n  08104926 7,50 \u20ac\n62 Beliebte Tees Beliebte Tees 63Stoffwechseltee  \u2022  Kr\u00e4utertee   \n9,95 \u20ac/100 g 08110266 100 g 9,95 \u20ac\nWinterfreude  \u2022  Gew\u00fcrz \u00ad, Kr\u00e4utertee\nZutaten: Lindenbl\u00fcten, Apfelst\u00fccke, Gew\u00fcrznelken,  \nHagebuttenschalen, Zimtrinde, Hibiskusbl\u00fcten, Anis -\nfr\u00fcchte, Roibusch/Vanille, Kardamon\n12,62 \u20ac/100 g 08108754 63 g 7,95 \u20ac\nZitronentee  \u2022  Kr\u00e4uter \u00ad, Fr\u00fcchtetee  \nZutaten: Zitronenschale 47 %, Zitronengras, Zitronen\u00ad\nverbene kbA, Melissenbl\u00e4tter; Bio \u00adAnteil: 20 %\n8,25 \u20ac/100 g 08239479 60 g 4,95 \u20ac\nOriginal-T eerezepturen  \nvon Ingeborg Stadelmann  \nFrauentee f\u00fcr die Wechselzeit  \u2022  \nmit Rosmarin; Kr\u00e4utertee  \nZutaten: Schafgarbenkraut, Waldmeisterkraut, Melis-\nsenbl\u00e4tter, Kamillenbl\u00fcten, Frauenmantelkraut, Rosmarin, \nG\u00e4nsefingerkraut, Taubnesselbl\u00fcten\n11,00 \u20ac/100 g 08004368 50 g 5,50 \u20ac\nFrauentee f\u00fcr die Wechselzeit  \u2022   \nohne Rosmarin; Kr\u00e4utertee  \nZutaten: Schafgarbenkraut, Waldmeisterkraut,  \nMelissenbl\u00e4tter, Kamillenbl\u00fcten, Frauenmantelkraut, \nG\u00e4nsefingerkraut, Taubnesselbl\u00fcten\n11,00 \u20ac/100 g 08004374 45 g 4,95 \u20ac\nFrauentee nach I. Stadelmann  \u2022   \nKr\u00e4utertee  \nZutaten: Frauenmantelkraut, Schafgarbenkraut, Johan -\nniskraut, Melissenbl\u00e4tter, M\u00f6nchspfeffer\n6,88 \u20ac/100 g 08004351 80 g 5,50 \u20ac\nFrauentee Walnuss \u00adSalbei   \u2022   \nKr\u00e4utertee \n9,17 \u20ac/100 g 08259281 60 g 5,50 \u20ac\nGeburtstee  \u2022  Kr\u00e4utertee  \nZutaten: Himbeerbl\u00e4tter, Brombeerbl\u00e4tter, Frauen\u00ad\nmantelkraut, Schafgarbenkraut\n15,80 \u20ac/100 g 08259298 25 g 3,95 \u20ac\n6,36 \u20ac/100 g Klinikpackung 08004701 125 g 7,95 \u20ac\nHebammentee \u00bbAmpfer \u00ad \nPetersilie\u00ab  \u00b7 Kr\u00e4uter-, Wurzeltee \n6,61 \u20ac/100 g 08011902 90 g 5,95 \u20ac\n = Rezepturarzneimittel. Die hauseigenen \nRezepturen sind apothekenpflichtig und werden \nnach Bestelleingang f\u00fcr Sie hergestellt.Holunder \u00adLindenbl\u00fcten\u00adT ee   \u2022  Kr\u00e4utertee  \nZutaten: Holunderbl\u00fcten kbA 22 %, Lindenbl\u00fcten kbA \n22 %, Alantwurzel, Zitronenschale, Zitronenverbene \nkbA, Salbeibl\u00e4tter kbA, Kornblumenbl\u00fcten;  \nBio\u00adAnteil: 64,4 %\n12,22 \u20ac/100 g 08006640 45 g 5,50 \u20ac\nHusten-und Bronchialtee  \u2022   \nKr\u00e4uter \u00ad, Fr\u00fcchtetee \n13,00 \u20ac/100 g 08006829 50 g 6,50 \u20ac\n10,95 \u20ac/100 g 08006835 100 g 10,95 \u20ac\nIngwer-fresh-T ee \u2002  \u2022  Kr\u00e4uter \u00ad, Gew\u00fcrztee \nZutaten: Zitronengras, Zitronenschale, Ingwerwurzel \n22 %, S\u00fc\u00dfholzwurzel, Pfefferminzbl\u00e4tter, Pfefferk\u00f6rner\n10,00 \u20ac/100 g 08006887 45 g 4,50 \u20ac\n8,33 \u20ac/100 g 08252066 90 g 7,50 \u20ac\nKinder-Kr\u00e4utertee  \u2022  Kr\u00e4utertee  \nZutaten: Brombeerbl\u00e4tter kbA, Melissenbl\u00e4tter kbA, \nZitronenverbene kbA, Ringelblume kbA; Bio\u00adAnteil: 100 %\n9,92 \u20ac/100 g 08007473 60 g 5,95 \u20ac\nLymphtee  \u2022  Kr\u00e4uter-, Bl\u00fctentee  \n11,33 \u20ac/100 g 08108762 75 g 8,50 \u20ac\nMagenschmeichler  \u2022  Bl\u00fcten-, Kr\u00e4uter-, \nWurzeltee \nZutaten: Leinsamen, Eibischwurzel, Malvenbl\u00fcten,  \nG\u00e4nsefingerkraut, Lindenbl\u00fcten kbA, S\u00fc\u00dfholzwurzel, \nMelissenbl\u00e4tter kbA; Bio \u00adAnteil: 13,8 %\n11,98 \u20ac/100 g 08108765 58 g 6,95 \u20acM\u00e4nnertee  \u2022  Gew\u00fcrz \u00ad, Kr\u00e4utertee  \nZutaten: Zitronenschale, Ingwerwurzel, Roibusch natur \nkbA, Zitronengras, Kardamon, Weidenr\u00f6schenkraut, \nSilbermantelkraut; Bio \u00adAnteil: 15,4 %\n9,15 \u20ac/100 g 08246746 65 g 5,95 \u20ac\nMundpflegetee  \u2022  Kr\u00e4uter-, Bl\u00fctentee  \nZutaten: Odermenningkraut, Gundelrebenkraut, Zitro -\nnengras, Kamillenbl\u00fcten, Thymiankraut, Ringelblume\n6,84 \u20ac/100 g 08109947 95 g 6,50 \u20ac\nNamasTee  \u2022  Gew\u00fcrztee (Chaitee)\nZutaten: Zimtrinde, Fenchelfr\u00fcchte, Ingwerwurzel,  \nKardamon, Sternanis, Gew\u00fcrznelken\n9,05 \u20ac/100 g 08108766 110 g 9,95 \u20ac\nPacks an  \u2022  Kr\u00e4utertee  \nZutaten: Johanniskraut, Engelwurz, Lavendelbl\u00fcten, \nSchafgarbenkraut, Damianabl\u00e4tter\n7,72 \u20ac/100 g 08110255 90 g 6,95 \u20ac\nProstfit \u2002  \u2022  Kr\u00e4utertee\nZutaten: Weidenr\u00f6schenkraut, Brennnesselwurzel, \nGoldrutenkraut, Pfefferminzbl\u00e4tter, S\u00e4gepalmenfr\u00fcchte\n9,48 \u20ac/100 g 08108771 105 g 9,95 \u20ac\nRose-Roibusch-Tee  \u2022  Kr\u00e4uter-, Bl\u00fctentee  \nZutaten: Roibusch natur kbA 48 %, Rosenbl\u00fcten 31 %, \nZitronenverbene kbA; Bio \u00adAnteil: 68,7 %\n10,31 \u20ac/100 g 08011291 48 g 4,95 \u20ac\nSamt & Seide  \u2022  Kr\u00e4uter-, Bl\u00fctentee\nZutaten: Stiefm\u00fctterchenkraut, Odermennigkraut,  \nBirkenbl\u00e4tter kbA, Cistrosenkraut, Holunderbl\u00fcten kbA, \nRosenbl\u00fcten, Zitronenverbene kbA; Bio \u00adAnteil: 25 %\n9,93 \u20ac/100 g 08108761 60 g 6,95 \u20ac\nSchlummerwohl  \u2022  Kr\u00e4utertee   \n8,33 \u20ac/100 g 08110253 90 g 7,50 \u20ac\nSonnengru\u00df  \u2022  Kr\u00e4uter \u00ad, Fr\u00fcchtetee  \nZutaten: Orangenschale, Ingwerwurzel, Lemongras, Zi -\ntronenverbene kbA, Damianabl\u00e4tter; Bio \u00adAnteil: 16,6 %\n9,17 \u20ac/100 g 08104606 60 g 5,50 \u20ac\n7,08 \u20ac/100 g 08104608 120 g 8 , 5 0 \u20ac\nStarke Sieben Tee  \u2022  Kr\u00e4utertee  \nZutaten: Cistrosenkraut, Thymiankraut, Salbei, Melis -\nsenbl\u00e4tter, Ysopkraut, Ingwerwurzel, S\u00fc\u00dfholzwurzel\n11,90 \u20ac/100 g 08123961 50 g 5 , 9 5 \u20ac\n8,95 \u20ac/100 g 08123962 100 g 8 , 9 5 \u20ac\nGerne mischen wir auch Ihre pers\u00f6nliche \nTeerezeptur.Hebammentee \u00bbBaldrian\u00ab  \u2022    \nKr\u00e4utertee \n9,17 \u20ac/100 g 08005528 60 g 5,50 \u20ac\nHebammentee \u00bbBirkenbl\u00e4tter\u00ab  \u2022   \nKr\u00e4utertee \n15,00 \u20ac/100 g 08005534 30 g 4,50 \u20ac\nHebammentee \u00bbBoldo\u00ab  \u2022  Kr\u00e4utertee   \n9,90 \u20ac/100 g 08018057 50 g 4,95 \u20ac\nHebammentee  \n\u00bbKamille \u00adHauhechel\u00ab  \u2022  Kr\u00e4utertee \n11,00 \u20ac/100 g 08007295 45 g 4 , 9 5 \u20ac\nHebammentee \u00bbMelisse\u00ab  \u2022   \nKr\u00e4utertee \n10,83 \u20ac/100 g 08005540 60 g 6,50 \u20ac\nHebammentee \u00bbRosmarin\u00ab  \u2022   \nKr\u00e4utertee \n8,83 \u20ac/100 g 08005557 90 g 7,95 \u20ac\nHebammentee \u00bbZimt\u00ab  \u2022  Gew\u00fcrztee   \n23,67 \u20ac/100 g 08018063 18,8 g 666 4,45 \u20ac\nHimbeerbl\u00e4ttertee  \u2022  kbA \n3,70 \u20ac/100 g 08239404 50 g 1,85 \u20ac\n3,60 \u20ac/100 g 08239410 100 g 3,60 \u20ac\nKopfwehtee  \u2022  Kr\u00e4utertee  \n11,19 \u20ac/100 g 08108769 80 g 8,95 \u20ac\nKrampfadertee  \u2022  Kr\u00e4utertee   \n8,50 \u20ac/100 g 08116915 70 g 5,95 \u20ac\nMenstee  \u2022  Kr\u00e4utertee   \n12,38 \u20ac/100 g 08008930 40 g 4,95 \u20ac\nNeugeborenentee  \u2022  Kr\u00e4uter \u00ad, Fr\u00fcchtetee  \nZutaten: Fenchelfr\u00fcchte kbA, Anisfr\u00fcchte kbA, K\u00fcm -\nmelfr\u00fcchte kbA, Kamillenbl\u00fcten kbA, Melissenbl\u00e4tter \nkbA; Bio \u00adAnteil: 100 %\n9,90 \u20ac/100 g 08009408 50 g 4,95 \u20ac\nR\u00fcckbildungstee  \u2022  Kr\u00e4utertee  \n16,50 \u20ac/100 g 08010713 30 g 4,95\u20acSchwangerschaftstee  \u2022  Kr\u00e4utertee  \nZutaten: Brennnesselbl\u00e4tter kbA, Himbeerbl\u00e4tter kbA, \nSchaf  garbenkraut kbA, Johanniskraut kbA, Zinnkraut \nkbA, Melissenbl\u00e4tter kbA, Frauenmantelkraut kbA;  \nBio\u00adAnteil: 100 %\n8,50 \u20ac/100 g 08011842 70 g 5,95 \u20ac\n6,39 \u20ac/100 g 08021065 140 g 8,95 \u20ac\nSchwangerschaftstee  \nohne Himbeerbl\u00e4tter  \u2022  Kr\u00e4utertee  \nZutaten: Brennnesselbl\u00e4tter kbA, Schafgarbenkraut \nkbA, Johanniskraut kbA, Zinnkraut kbA, Melissenbl\u00e4t -\nter kbA, Frauenmantelkraut kbA; Bio \u00adAnteil: 100 %\n9,17 \u20ac/100 g 08011925 60 g 5,50 \u20ac\nStilltee  \u2022  Kr\u00e4uter \u00ad, Fr\u00fcchtetee  \nZutaten: Dillfr\u00fcchte kbA, Anisfr\u00fcchte kbA, Fenchel -\nfr\u00fcchte kbA, Schwarzk\u00fcmmel kbA, Melissenbl\u00e4tter \nkbA, Majorankraut kbA; Bio \u00adAnteil: 100 %\n9,17 \u20ac/100 g 08012913 60 g 5,50 \u20ac\n6,63 \u20ac/100 g 08012920 120 g 7,95 \u20ac\n5,53 \u20ac/100 g 08012936 180 g 9,95 \u20ac\nStorchenfrau  \u2022  Kr\u00e4utertee\nZutaten: M\u00f6nchspfeffer, Frauenmantelkraut, Storchen -\nschnabelkraut\n9,17 \u20ac/100 g 08233761 60 g 5,50 \u20ac\nStorchenmann  \u2022  Kr\u00e4uter-, Wurzeltee\nZutaten: Hagebuttenschalen, Zitronenverbene kbA, \nGoldrutenkraut, Gundelrebenkraut, Berberitzenwur -\nzelrinde, Bibernellwurzel, Eberwurz, Meisterwurz, \nWegwartenwurzel; Bio \u00adAnteil: 18,75 %\n12,44 \u20ac/100 g 08108772 80 g 9,95 \u20ac\nTee f\u00fcr \u00fcbersensible Kinder  \u2022   \nKr\u00e4utertee \n16,25 \u20ac/100 g 08013249 40 g 6,50 \u20ac\nVenentee  \u2022  Kr\u00e4utertee  \n9,15 \u20ac/100 g 08239427 65 g 5,95 \u20ac\n7,31 \u20ac/100 g 08241743 130 g 9,50 \u20ac\nW\u00f6chnerinnentee  \u2022  Kr\u00e4utertee  \nZutaten: G\u00e4nsefingerkraut, Gundelrebenkraut, \n Melissenbl\u00e4tter kbA, Damianabl\u00e4tter; Bio\u00adAnteil: 26,6 %\n23,33 \u20ac/100 g 08014510 15 g 3,50 \u20acHom\u00f6opathie 65\u00bbAufbaumittel Stadelmann\u00ab   Rezepturarzneimittel\nhom\u00f6opathisches Komplexmittel  \nDosierung f\u00fcr Erwachsene: 3x t\u00e4glich einen gestrichenen Teel\u00f6ffel  \nauf der Zunge zergehen lassen\n20,67 \u20ac/100 g 08233005 75 g 15,50 \u20ac\n16,39 \u20ac/100 g                08239440        180 g 29,50 \u20ac\n\u00bbAufbaumittel Stadelmann s. G.\u00ab   Rezepturarzneimittel\nhom\u00f6opathisches Komplexmittel ohne Glukose. \nDosierung f\u00fcr Erwachsene: 3x t\u00e4glich eine Messerspitze auf der Zunge \nzergehen lassen\n31,25 \u20ac/100 g 08254792 40 g 12,50 \u20ac\n25,00 \u20ac/100 g 08015283 90 g 22,50 \u20ac\nHom\u00f6opathische Arzneimittel: Aufgrund unserer Herstellungserlaubnis \ngem\u00e4\u00df \u00a7 13 Abs. 1 Arzneimittelgesetz sind wir Arzneimittelhersteller. An \nApotheken k\u00f6nnen wir die hom\u00f6opathischen Arzneien (Globuli und Tri -\nturationen) als Standardregistrierung liefern.\nHom\u00f6opathische Mini-Taschenapotheke  \nnach I. Stadelmann, 12 Arzneien\nmit Etui 08257678  31,80 \u20ac\nohne Etui 08257690  18,90 \u20ac\nBuchtipp: \u00bbHom\u00f6opathische Haus \u00ad und Reiseapotheke\u00ab von I. Stadelmann siehe Seite 69.\nHom\u00f6opathische Reiseapotheke\nnach I. Stadelmann, 28 Arzneien\nmit Etui 08239522  68,40 \u20ac\nohne Etui 08239539  45,90 \u20ac\nBuchtipp: \u00bbHom\u00f6opathische Haus \u00ad und Reiseapotheke\u00ab von I. Stadelmann siehe Seite 69.\nHom\u00f6opathie\nHom\u00f6opathische Haus- und Reiseapotheke\nnach I. Stadelmann, 64 Arzneien\nmit Etui 08239491  143,70 \u20ac\nohne Etui 08257661  104,70 \u20ac\nBuchtipp: \u00bbHom\u00f6opathische Haus \u00ad und Reiseapotheke\u00ab von I. Stadelmann siehe Seite 69.\nHom\u00f6opathische Apotheke f\u00fcr die Geburtshilfe\nnach Dr. F. Graf und I. Stadelmann, 62 Arzneien\nmit Etui 08239545  145,60 \u20ac\nohne Etui 08239551  106,60 \u20ac\nBuchtipp: \u00bbHom\u00f6opathie f\u00fcr den Hebammenalltag\u00ab (auch als App) von I. Stadelmann;  \ndie B\u00fccher von Dr. F. Graf finden Sie in unserem Online \u00adShop www.bahnhof \u00adapotheke.de\nHom\u00f6opathische Apotheke f\u00fcr Therapeuten\nnach Dr. F. Graf und I. Stadelmann, 192 Arzneien\nmit Etui 08239568  398,00 \u20ac\nohne Etui 08239574  337,50 \u20ac\nBuchtipp: \u00bbHom\u00f6opathie f\u00fcr den Hebammenalltag\u00ab (auch als App) von I. Stadelmann;  \ndie B\u00fccher von Dr. F. Graf finden Sie in unserem Online \u00adShop www.bahnhof \u00adapotheke.de \nTaschenapotheke \u00bbHom\u00f6opathischer Notdienst M\u00fcnchen\u00ab \n60 Arzneien\nmit Etui 08259690  147,00 \u20ac\nohne Etui 08273565  128,00 \u20ac\nHom\u00f6opathische Einzelarzneien  \nDie Mittel der Taschenapotheken sind auch gesondert lieferbar.\nC6, C3, D1  1,4 g 2,90 \u20ac\nC30  1,4 g 3,50 \u20ac\nC200  1,4 g 3,90 \u20ac\nBitte beachten Sie: Hom\u00f6opathische Arzneimittel sind aus Gr\u00fcnden der \nArzneimittel  sicherheit vom Umtausch ausgeschlossen.\nHerstellungspraxis \nnach GMP\nGerne stellen wir Ihre individuelle Hausapotheke zusammen. Die hom\u00f6opa -\nthischen Arzneien der Taschenapotheken stammen von der Firma Spagyra. \nFordern Sie eine Gesamt\u00fcbersicht der einzelnen Arzneien bei uns an!67 66 Hom\u00f6opathieZUBEH\u00d6R \nLederetui, leer \nerh\u00e4ltlich in den Farben: bordeaux \u00adrot, dunkelgr\u00fcn, natur, schwarz\nf\u00fcr 12 Arzneien 08257709  12,90 \u20ac\nf\u00fcr 28 Arzneien 08019000  22,50 \u20ac\nf\u00fcr 64 Arzneien mit Buchschlaufe 08019016  39,00 \u20ac\nf\u00fcr 128 Arzneien 08019022  53,50 \u20ac\nf\u00fcr 192 Arzneien 08019039  60,50 \u20ac\nLederetui, best\u00fcckt \nerh\u00e4ltlich in den Farben: bordeaux \u00adrot, dunkelgr\u00fcn, natur, schwarz \nmit 12 Leergl\u00e4schen 08258235  14,90 \u20ac\nmit 28 Leergl\u00e4schen 08019045  27,50 \u20ac\nmit 64 Leergl\u00e4schen mit Buchschlaufe  08019051  48,00 \u20ac\nmit 128 Leergl\u00e4schen 08019068  70,50 \u20ac\nmit 192 Leergl\u00e4schen 08019074  91,50 \u20ac\nLeergl\u00e4schen f\u00fcr Globuli (1,5 g) \n 08019128 10 Stk. 1,40 \u20ac\n 08019134 30 Stk. 3,95 \u20ac\n 08019140 50 Stk. 6,20 \u20ac\n 08019157 100 Stk. 11,20 \u20ac\nPlastikbeh\u00e4lter f\u00fcr Globuli (0,5 g) \n 08020315 10 Stk. 1,15 \u20ac\n 08020321 30 Stk. 3,10 \u20ac\n 08020338 50 Stk. 4,90 \u20ac\n 08020344 100 Stk. 9,10 \u20ac\nTCM Compasan Compaktat-Rezepturen,  \nBachbl\u00fcten, Sch\u00fc\u00dfler-Salze und  \nHildegard\u00advon\u00adBingen\u00adNaturheilmittel\nk\u00f6nnen Sie gerne in unserem Online \u00adShop oder telefonisch unter  \nwww.bahnhof \u00adapotheke.de oder Tel. 00 49 (0)8 31 \u2013 5 22 66 11 bestellen.\nB\u00fccher \u2013 Bernath \u00adFrei \u00ad HanefeldGraf\nImpfentscheidung\nAnsichten, \u00dcberlegungen und Informationen \u2013 vor jeglicher \nAusf\u00fchrung!\n208 S., Sprangsrade Verlag 08017649  19, 9 0  \u20ac\nGraf  \nNicht impfen \u2013 was dann?\n239 S., Sprangsrade Verlag 08017750  19, 9 0  \u20ac\nGradwohl   \nFaszien verstehen\nMehr Wohlbefinden u. Gesundheit durch Faszienbehandlung \nund Bewegung\n232 S., Stadelmann Verlag 13748734  2 4 , 9 0  \u20ac\nGray  \nErweckung der weiblichen Energie\nGeb\u00e4rmuttersegnungen helfen Frauen, Einschr\u00e4nkungen  \nihrer nat\u00fcrlichen Weiblichkeit abzulegen\n206 S., 1. Auflage, Stadelmann Verlag  17592861  16,90 \u20ac \nGray  Bestseller\nRoter Mond\nVon der Kraft des weiblichen Zyklus\n232 S., Neu auch als Kartenset, Stadelmann Verlag 17179569  16 , 9 0  \u20ac\nEichinger / Hoffmann  \nDie Anti \u00adStress \u00adErn\u00e4hrung\nDie LOGI \u00adMethode zur Stressbew\u00e4ltigung / \nMehr Power f\u00fcr die K\u00f6rperzellen\n191 S., Systemed 08133728  19, 9 9  \u20ac\nHanefeld  \nLin und das Geheimnis des Zyklus \nEine Geschichte voll Wissen \u00fcber die erste Blutung\n78 S., Stadelmann Verlag 17179523  16,90 \u20ac B\u00fccher\nBernath-Frei    \nDuftmeditation (Buch mit H\u00f6r-CDs) \n25 Meditationen von Basilikum bis Zitrone\n136 S., 158 Min., Doppel \u00adCD, Stadelmann Verlag 09933561  2 4 , 8 0  \u20ac\nvon Braunschweig  \nPflanzen\u00f6le \u2013 Qualit\u00e4t, Anwendung, Wirkung \n\u00dcber 50 starke Helfer f\u00fcr Genuss und Hautpflege!\n232 S.; erweiterte Neuauflage, Stadelmann Verlag 05992590  2 2 , 9 0  \u20ac\nB\u00fcttner  \nSprechstunde Kinderarzt  \nDas Standardwerk f\u00fcr Eltern \nGesundheit \u2013 Krankheiten erkennen und behandeln.  \nBeziehung \u2013 Kinder verstehen und unterst\u00fctzen\n384 S.; 2. Auflage, Stadelmann Verlag 08130198  2 9, 8 0  \u20ac\nCorrett / Edgson\nVegetarisch basisch gut\n100 einfache basische Rezepte f\u00fcr Geniesser\n192 S., AT Verlag                                08118796 20,00  \u20ac\nDahlke\nVegan f\u00fcr Einsteiger\nIn 4 Wochen zu einem gesunden, nachhaltigen Leben\n127 Seiten, GU 10263485  12 , 9 9  \u20ac\nDoms\nDas Mama \u00adGleichgewicht  \nStark und gelassen mit Yoga, der Philosophie des Tantra & \nMentaltraining\n200 S., Stadelmann Verlag 17179575  18,90 \u20ac \nGraf\nHom\u00f6opathie und die Gesunderhaltung  \nvon Kindern und Jugendlichen\n814 S., Sprangsrade Verlag 08017655  6 9, 0 0  \u20ac\nGUTE HERSTELLUNGSPRAXIS NACH GMP \n(Good Manufacturing Practice) garantiert Produktsicherheit\nHandabf\u00fcllung\nUm die Qualit\u00e4t und Sicherheit unserer hom\u00f6opathischen Produkte \nzu gew\u00e4hrleisten, werden diese\n\u2022 in hauseigenen Labors gepr\u00fcft, \n\u2022 von Hand im Reinraum abgef\u00fcllt,\n\u2022 und s\u00e4mtliche Arbeitsabl\u00e4ufe nach GMP genauestens dokumentiert. \nIhre Gesundheit und Sicherheit sind uns diesen Aufwand wert.\nPr\u00fcfung\n Lager68 69 B\u00fccher \u2013 Heimroth / Bornschein / Bonath - Stadelmann B\u00fccher \u2013 Stadelmann \u00ad UhlemayrSchilcher / Stadelmann / Herb   \nDuft und Heilpflanzen\nsehen, verstehen, anwenden \n304 S., 3. Auflage, Stadelmann Verlag 00148458 9,90 \u20ac\nSchulze    \nIch bin ein Kinderwunsch-Wunschkind  \nDas Aufkl\u00e4rungsbuch f\u00fcr Familien mit Kinderwunsch\u00adHintergrund\n80 S., Stadelmann Verlag 17592720  16,90 \u20ac \nSchweizer-Arau   \nHoffnung bei unerf\u00fclltem Kinderwunsch  \nDie Fruchtbarkeit ganzheitlich f\u00f6rdern mit chinesischer Medizin \n528 S., 2. Auflage, auch als E\u00adBook, Stadelmann Verlag 00148518 49,80 \u20ac\nStadelmann   \nAromapflege\nPraktische Aromatherapie f\u00fcr den Pflege \u00ad und Familienalltag\nRatgeber f\u00fcr Angeh\u00f6rige, Betroffene und Fachleute \n\u00fcberarbeitet und erweitert\n509 S., auch als App oder E\u00adBook, Stadelmann Verlag 11483763 22,90 \u20ac\nStadelmann   \nAromamischungen f\u00fcr Mutter und Kind  \nNat\u00fcrliche K\u00f6rperpflege w\u00e4hrend der Schwangerschaft,  \nGeburt und im ersten Jahr\n325 S., 5. \u00fcberarbeitete Auflage, Stadelmann Verlag 17592743 16,90 \u20ac\nAuch als App oder E \u00adBook erh\u00e4ltlich\nStadelmann   \nBew\u00e4hrte Aromamischungen\nStandardwerk zur Aromatherapie\n448 S., Stadelmann Verlag 01795616 24,80 \u20ac\nStadelmann   \nDie Hebammen-Sprechstunde  Bestseller\nNaturheilkundlicher Begleiter f\u00fcr Schwangerschaft, Geburt \nund Wochenbett\n640 S. \u00fcberarbeitet und erweitert, Stadelmann Verlag  01752469 29,80 \u20acHeimroth / Bornschein / Bonath  \nBrotaufstriche vegan & vollwertig\nmit Rezepten f\u00fcr Brote und Br\u00f6tchen aus vollem Korn\n80 S., H\u00e4decke Verlag 08118845  12 , 8 0  \u20ac\nHeimroth / Bornschein  \nVegan & vollwertig genie\u00dfen\nAbwechslungsreiche Rezepte und genussvolle Gerichte\n216 S., H\u00e4decke Verlag  08107184  22,00 \u20ac\nHildebrandt / Uhlemayr  \nDer Venenratgeber \n176 S., Urs \u00adVerlag 03896451  15 , 9 0  \u20ac\nH\u00f6flinger\nGesund, frisch und energiereich essen\nErn\u00e4hrungstipps und Rezepte f\u00fcr alle Jahreszeiten\n135 S., Oertel + Sp\u00f6rer Verlag 08107776 19, 9 5  \u20ac\nJoggerst   \nF\u00fchl dich wohl (Buch mit H\u00f6r \u00adCDs) \nMeditationen f \u00fcr Schwangerschaft und Geburt\n96 S., 156 Min. Doppel \u00adCD, Stadelmann Verlag 00148501 24,80 \u20ac\nNa\u0161el   \nDer Duft der Rose Gartenbuchpreis 2020\nEin Kr\u00e4uterm\u00e4rchen zum Vor \u00ad und Selberlesen \n120 S., Stadelmann Verlag  17592714  16,90 \u20ac\nPohl   \nDas \u00d6lbuch\nPflanzen\u00f6le kompakt erkl\u00e4rt\n84 S., Stadelmann Verlag 17592737 9, 9 0 \u20acStadelmann   \nHom\u00f6opathie f\u00fcr den Hebammenalltag \nDas Kompendium f\u00fcr jede hom\u00f6opathisch arbeitende Hebamme\n262 S., Neuauflage, Stadelmann Verlag.\nAuch als App oder E \u00adBook erh\u00e4ltlich. 00148524 14 , 9 0  \u20ac\nStadelmann   \nHom\u00f6opathische Haus- und Reiseapotheke\n144 S. \u00fcberarbeitet und erweitert, Stadelmann Verlag\nAuch als App oder E \u00adBook erh\u00e4ltlich.               03925862  12,00  \u20ac\nStadelmann N.    Bestseller\nBabybrei  \nDie besten Rezepte f\u00fcr das erste Lebensjahr\n110 S., 5. Auflage, Edition Styria 08106525 14,99 \u20ac\nStadelmann N.   \nBaby isst mit  \nSchlau kochen f\u00fcr die ganze Familie\n152 S., Edition Styria 08121463 16,99 \u20ac\nStadelmann N.   \nDas gro\u00dfe Buch von Babybrei und Beikost\nSicherer Einstieg mit Empfehlungen, Beikostplan und \u00fcber  \n70 Rezepten f\u00fcr Babybrei, Fingerfood und Familiengerichte \n192 S., Pichler Verlag 08124722  20,00 \u20ac \nStadelmann N.   \nErn\u00e4hrung in Schwangerschaft und Stillzeit\nRichtig essen in Schwangerschaft und Stillzeit,  \nmit Hebammentipps von Ingeborg Stadelmann\n143 S., 3. Auflage, Stadelmann Verlag 17592832 16 , 9 0  \u20ac\nStadelmann N.   \nBaby\u00adErn\u00e4hrung bei Allergien u. Unvertr\u00e4glichkeiten\nVertr\u00e4gliche und n\u00e4hrstoffdeckende Rezepte \u2013 auch f\u00fcr \nsensible Kinder\n128 S., Kneipp Verlag 08108711 17,90 \u20acStadelmann / Wolz   \u2022  \nGanzheitliche Therapien in Schwangerschaft, \nWochenbett und Stillzeit\nFachbuchreihe: f\u00fcr die Kitteltasche\n454 S., Deutscher Apotheker Verlag  08295594 34,00 \u20ac\nSteflitsch / Wolz / Buchbauer / Heuberger /  \nStadelmann\nAromatherapie in Wissenschaft und Praxis\nca. 1.000 S., komplett \u00fcberarbeitete Auflage \nerscheint im Oktober 2021, Stadelmann Verlag   10100145 128,00 \u20ac\nStruck   \nVerh\u00fcten ohne Hormone \nAlternativen zu Pille & Co.\n280 S. \u00fcberarbeitet, Stadelmann Verlag 11483792 29,90 \u20ac\nUhlemayr / Wolz    \nWickel und Auflagen\nBeratung, Auswahl und Anwendung\n143 S., Deutscher Apotheker Verlag  08104646 32,00 \u20ac\nUhlemayr   \nWickel & Co.\u00ae \nB\u00e4renstarke Hausmittel f\u00fcr Kinder\n256 S. \u00fcberarbeitet und erweitert, Urs \u00adVerlag 04023110 17,90 \u20acB\u00fccher\nUnser Buchtipp Dr. med. Peter B\u00fcttner\nSprechstunde Kinderarzt\nDas Standardwerk f\u00fcr Eltern\nDer praktizierende Kinder- und Jugendarzt erkl\u00e4rt, wie \nKrankheiten entstehen und wie sie normalerweise verlau-\nfen. Erfahren Sie, wann es notwendig ist einzugreifen und \nwie Sie mit einfachen Hausmitteln, mit Aromatherapie, \nPflanzenheilkunde, Hom\u00f6opathie und konventionellen \nArzneimitteln die Heilung f\u00f6rdern k\u00f6nnen. Wickel & Co. 71\nDiese Erfahrungswerte flie\u00dfen in die st\u00e4ndige Weiterentwicklung der Pro -\ndukte ein, um die Anwendung noch einfacher und angenehmer zu machen.\nSo kann heute ein Wickel von Wickel & Co.\u00ae dank Klettverschl\u00fcssen ohne \nfremde Hilfe angelegt werden. Zahlreiche Wickel sind zum Patent an -\ngemeldet oder verf\u00fcgen \u00fcber Gebrauchsmusterschutz.\nDas Material macht den Unterschied\nDer Erfolg von Wickelanwendungen ist sehr von dem verwendeten Material \nabh\u00e4ngig. Man stelle sich vor, wie zart und sensibel ein Kinderb\u00e4uchlein oder \neine Kinderwade sind. Da versteht es sich von selbst, dass vorzugsweise das \ngeeignete Naturmaterial in der richtigen Gr\u00f6\u00dfe f\u00fcr den Wickel verwendet \nwird. Wickel & Co.\u00ae l\u00e4sst deshalb die Stoffe nach eigenen Vorgaben in ausge -\nsuchten Webereien in Deutschland und \u00d6sterreich herstellen. Die Einhal -\ntung der strengen \u00f6kologischen und sozialen Richt  linien ist dabei selbstver -\nst\u00e4ndlich. Wo immer es m\u00f6glich ist, werden Rohstoffe aus kontrolliert \nbiologischem Anbau oder kontrolliert biologischer Tierhaltung verwendet. \nWickel & Co.\u00ae ist auch Mitglied im Internationalen Verband f\u00fcr Naturtextil -\nwirtschaft e.V. (IVN) und wendet dessen Richtlinien an.Bei Wickel & Co.\u00ae werden unter der Leitung von Ursula Uhlemayr die belieb -\nten Wickel und Auflagen f\u00fcr Kinder und Erwachsene in Hand  arbeit und mit \nSorgfalt hergestellt. Motivation der Manufaktur ist, beste Produkte mit aus-\ngew\u00e4hlten Materialien auf \u00f6kologisch sinnvolle Weise herzustellen.Die Bahn -\nhof-Apotheke  mit Dietmar Wolz und Wickel & Co.\u00ae mit Ursula Uhlemayr sind \nnun seit mehr als 25 Jahren als Gesch\u00e4ftspartner auf einem gemeinsamen \nWeg und verfolgen das Ziel, beste Qualit\u00e4t zu einem fairen Preis anzubieten. \nUrsula Uhlemayr:  Erfahrene Wickelexpertin und erfolgreiche Autorin\nSebastian Kneipp war wohl der ber\u00fchmteste Wickelanwender, den wir ken -\nnen. Ursula Uhlemayr hat seine Lehren mit Begeisterung studiert und ver -\ntieft. Seit mehr als 30 Jahren ist sie dem Thema verbunden. Sie ist Autorin \ndes Bestsellers \u00bbWickel & Co.\u00ae \u2013 B\u00e4renstarke Hausmittel f\u00fcr Kinder\u00ab und hat \ndas gleichnamige Unternehmen ins Leben gerufen. 2015 erschien in Zusam -\nmenarbeit mit Dietmar Wolz ihr neuestes Buch \u00bbWickel und Auflagen\u00ab, das \nim Deutschen Apotheker Verlag ver\u00f6ffentlicht wurde. Ursula Uhlemayr ver -\nf\u00fcgt \u00fcber einen enormen Erfahrungsschatz, der durch ihre Lehrt\u00e4tigkeit st\u00e4n -\ndig erweitert und vertieft wird. Dabei sind ihr die R\u00fcckmeldungen der An -\nwender der Wickel & Co.\u00ae-Produkte besonders wichtig. \nWickel & Co.\u00ae\nDie Manufaktur f\u00fcr traditionelle Heilmittel im Allg\u00e4u\n72 Wickel & Co.\n Wickel & Co. 73\nWohlgef\u00fchl mit dem Woll-f\u00fchl\u00ae-Wickel\nWickel von Wickel & Co.\u00ae sind beliebte Helfer in vielf\u00e4ltigen Situationen. Zum \nBeispiel Woll-f\u00fchl\u00ae\u00adWickel: Die Wickel bestehen aus 100 % Schafwolle aus \nkontrolliert biologischer Tierhaltung. Die gewalkte Wolle ist elastisch und \npasst sich der K\u00f6rperform bestens an. Die Eigenschaften der Wolle sind f\u00fcr \nWickel besonders gut. So kann Wolle zum Beispiel 30 % des Eigengewichtes \nan Feuchtigkeit aufnahmen, ohne sich unangenehm oder nass anzuf\u00fchlen. Die \nKlettverschl\u00fcsse lassen sich an beliebiger Stelle fixieren und somit ist der Wi -\nckel v\u00f6llig unkompliziert anwendbar. Die Idee wurde zum Patent angemeldet.\nVielseitig und praktisch\nWickel sind vielseitig einsetzbar, ob bei Jung oder Alt, zur Gesundheitsf\u00f6rderung \noder bei Beschwerden. Wickel & Co.\u00ae macht ihre Anwendung einfach, schnell \nund praktisch.Von \u00d6kotest empfohlen: der Bienenwachswickel  \nEines der beliebtesten Produkte von Wickel & Co.\u00ae ist der Bienenwachswi -\nckel. Seine Eigenschaften sind schnell erkl\u00e4rt: Die Auflage vertieft die eigene \nK\u00f6rperw\u00e4rme und tr\u00e4gt so zur Entspannung bei. Bei Husten und Verspan -\nnungen tr\u00e4gt die wohlige W\u00e4rme nat\u00fcrlich und sanft zur Linderung bei. \nDie Bienenwachsplatte wird direkt auf die Haut gelegt, deshalb ist die Aus -\nwahl des Wachses ein wichtiger Punkt. Das Bienenwachs ist im Labor gepr\u00fcft \nund erf\u00fcllt sowohl die Kriterien des Europ\u00e4ischen wie des Deutschen Arz -\nneibuchs. \nDie Zeitschrift \u00bb\u00d6kotest\u00ab empfahl den Bienenwachswickel bereits 1999 in \nihrem \u00bbJahrbuch Kleinkinder\u00ab: \u00bbBeliebt und \u00e4u\u00dferst wirksam ist der Bienen -\nwachswickel: Vor der Anwendung weich gef\u00f6hnt, h\u00e4lt er die Brust die ganze \nNacht warm.\u00ab Und was Kindern gut tut, ist auch f\u00fcr Erwachsene gut.Woll-f\u00fchl\u00ae  \nWickel & Co.\u00ae helfen beim Gesundbleiben und Gesundwerden kr\u00e4ftig mit. Die traditionellen Anwendungen lindern auf nat\u00fcrli -\nche Weise Beschwerden und aktivieren die Selbstheilungskr\u00e4fte. So k\u00f6nnen sanfte thermische Reize sowohl zur Behandlungsbeglei -\ntung als auch vorbeugend eingesetzt werden. Unsere praktischen Wickel erleichtern die Anwendung. Hochwertige Naturmateria -\nlien sorgen f\u00fcr die optimale Wirkung der Wickel und Auflagen. Die Wickel werden in liebevoller Handarbeit in der Allg\u00e4uer \nManufaktur von Wickel & Co.\u00ae hergestellt.\nMehr erfahren Sie in dem Buch \u00bbWickel & Co.\u00ae \u2013 B\u00e4renstarke Hausmittel f\u00fcr Kinder\u00ab von Ursula Uhlemayr (Buchtipps Seite 69). Dort \nfinden Sie auch detaillierte Angaben zu den einzelnen Anwendungs m\u00f6glichkeiten, ebenso auf der Produktinformation, die Ihrer Bestel -\nlung beigelegt ist. Wickel & Co.\u00ae sind besonders wirksam mit den Original-Stadelmann\u00ae-Aromamischungen .\nDie Wickel sind angemeldete  Medizinprodukte  der Klasse 1.Bauch- und Brustwickel (ohne Klettverschluss) klassisch   \nDie Wirbels\u00e4ule sowie Unterleibs \u00ad und Verdauungsorgane werden in der \n Naturheilkunde traditionell mit Wickeln und Auflagen behandelt. Diese Wi -\nckel legt man im Zug \u00adGegenzug \u00adVerfahren an. Passt allen K\u00f6rperformen.\nAu\u00dfentuch Molton Gr. 1 (45 x 160 cm) 05459039  22,50 \u20ac\nAu\u00dfentuch Molton Gr. 2 (45 x 180 cm) 09933118  26,50 \u20ac\nInnentuch Leinen  (40 x 150 cm) 05459045  21,20 \u20ac\nZwischentuch Baumwolle (55 x 180 cm) 06940997  11,95 \u20ac\nDampfkompresse\nWirkt entspannend und w\u00e4rmend f\u00fcr Bauch und Wirbels\u00e4ule, besonders be -\nliebt als Leberwickel. Wird optimal fixiert mit dem Woll \u00adf\u00fchl\u00ae-Bauchwickel \noder dem Bauch- und Brustwickel. \nTuch 148  x 40 cm aus Waffelpikee (Baumwolle kbA) und \nTasche 47  x 27 cm, 2 \u00adlagig (Leinen/Baumwolle kbA)  10382876 3 2 , 9 5  \u20ac\nDampfkompresse klein  Neu\nTuch 59  x 39 cm aus Waffelpikee (Baumwolle kbA) und\nTasche 23,5  x 18,5 cm, 2 \u00adlagig (Leinen/Baumwolle kbA) 17592795 16,90  \u20ac\nKompressen f\u00fcr Pflanzen\u00f6le\nHochwertige Baumwolle, einfache Anwendung, vielseitig einsetzbar, um die \nWirkungskraft von hochwertigen Pflanzen\u00f6len und \u00adsalben zu unterst\u00fctzen. \nGeeignete Stadelmann\u00ae-Aromamischungen  sind z.B.: Allg\u00e4uer \u00d6l, Kamille-Fen -\nchel-\u00d6l, Kemptener \u00d6l, Immortellen-Beinwellsalbe, Lavendel-Zypressen-\u00d6l, Pflege -\nwohl-\u00d6l oder Ysop-Immortellen-\u00d6l.\n4 Baumwollvliese  15 x 20 cm mit  10 ES \u00adKompr.  7,5 x 7,5 cm       09933147  6,25 \u20ac\n10 Baumwollvliese 19  x 25 cm mit 20 ES \u00adKompr. 7,5  x 7,5 cm 16022742  8 , 9 5 \u20ac\n50 Baumwollvliese (Klinik) 19  x 25 cm, ohne ES \u00adKompr.         08112093  28,95 \u20acBauch- und Brustwickel f\u00fcr Kinder \nEine w\u00e4rmende bzw. feucht \u00adwarme Auflage sorgt f\u00fcr Entspannung, hilft beim \nEinschlafen und bei Bauchbeschwerden. Auch als lindernder Brustwickel an -\nwendbar. Ideal in Erg\u00e4nzung mit unseren Original-Stadelmann\u00ae-Aroma-\nmischungen  Fenchel-K\u00fcmmel-\u00d6l, Kamille-Fenchel-\u00d6l, K\u00f6rper\u00f6l entspannend  oder \nden Erk\u00e4ltungsprodukten und dem Bienenwachswickel.\nBaumwoll-Au\u00dfentuch, Baumwoll-Zwischentuch, Leinentasche\nKleinkind    (13 x 66 cm) 11287401 Gr\u00f6\u00dfe 1 21,95 \u20ac\nSchulkind   (17 x 82 cm) 11287418 Gr\u00f6\u00dfe 2 25,95 \u20ac\nWoll-f\u00fchl\u00ae Bauch- und Brustwickel f\u00fcr Kinder\nWoll-f\u00fchl\u00ae-Au\u00dfentuch, Baumwoll-Zwischentuch und Leinentasche\nIdeal auch zum Befestigen des Bienenwachswickels\nKleinkind   (13 x 66 cm) 13718319 Gr\u00f6\u00dfe 1 21, 9 5  \u20ac\nSchulkind   (17 x 82 cm) 13718325 Gr\u00f6\u00dfe 2 2 5 , 9 5  \u20ac\nBauch \u00ad und Brustwickel f\u00fcr Jugendliche und Erwachsene \nWohltuender W\u00e4rmespender f\u00fcr Bauch, Unterleib, R\u00fccken und Nieren. \nKombinierbar mit der dazuge  h\u00f6rigen Leineninnentuchtasche, um feuchte \nW\u00e4rme oder diverse Zus\u00e4tze anzubieten.\nBaumwoll-Au\u00dfentuch, Baumwoll-Zwischentuch (eingen\u00e4ht) und Leinentasche\nJugendliche Gr. 158 bis Gr. S (27 x 100 cm) 09933093 Gr\u00f6\u00dfe 1 34,95 \u20ac\nErwachsene Gr. S/M (27 x 120 cm) 09706569 Gr\u00f6\u00dfe 2 39,50 \u20ac\nErwachsene Gr. M/L (27 x 146 cm) 09933101 Gr\u00f6\u00dfe 3 41,50 \u20ac\nWoll-f\u00fchl\u00ae Bauch-, Brust- und R\u00fcckenwickel f\u00fcr Erwachsene\nDurch die hohe Funktionalit\u00e4t und den guten Tragekomfort kann beispielsweise \nder Bienenwachswickel oder Aroma\u00f6lkompressen angenehm fixiert werden. \nDie positiven R\u00fcckmeldungen der Anwender zeigen, dass der Wickel auch sehr \ngut \u00fcber der Kleidung getragen werden kann. Woll-f\u00fchl\u00ae-Au\u00dfentuch\nGr. XS  Neu (30 x 100 cm) 17592795 Gr\u00f6\u00dfe 0 32,95\u20ac\nGr. S/M/L  (30 x 124 cm) 10382847 Gr\u00f6\u00dfe 1 3 7, 9 5  \u20ac\nGr. XL/XXL (30 x 170 cm) 10382853 Gr\u00f6\u00dfe 2 4 5 , 9 5  \u20ac\nWoll-f\u00fchl\u00ae  \nBuchtipps!  Ursula Uhlemayr\nWickel & Co.\u00ae \nB\u00e4renstarke Hausmittel f\u00fcr Kinder\nWickel und Auflagen  \nBeratung, Auswahl und Anwendung\nWeitere B\u00fccher finden Sie ab Seite 66.\n74 Wickel & Co.\n Wickel & Co. 75Wolle oder Baumwolle? \nBeides ist m\u00f6glich, deshalb k\u00f6nnen Sie beim Bauch- und beim Wadenwi -\nckel ausw\u00e4hlen.\nAu\u00dfentuch 2-lagig aus  \nBaumwolle kbA\nBaumwoll-Au\u00dfent\u00fccher\nbestehen entsprechend der Anwen-\ndung entweder aus Baumwollpl\u00fcsch \nbei einer w\u00e4rmenden Anwendung \n(z. B. Bauchwickel) oder aus Molton \n(z. B. Wadenwickel) bei einer feuch-\nten Anwendung.\nDamit erreichen wir den optimalen \nthermischen Reiz, den die Anwen-\ndung erzeugen soll. Die Au\u00dfent\u00fc-\ncher sind gut waschbar bei 40  \u00b0 und \nhaben sich bestens bew\u00e4hrt.Au\u00dfentuch aus hautfreundlicher \nSchafschurwolle kbT\nWoll-f\u00fchl\u00ae-Au\u00dfent\u00fccher\nbestehen aus reiner Schafschurwolle: \nDie Eigenschaften  der Wolle sind f\u00fcr \nWickel besonders gut geeignet.  Sie \nk\u00f6nnen 30  % des Eigengewichtes an \nFeuchtigkeit aufnehmen, ohne sich \nnass anzuf\u00fchlen. Sie k\u00f6nnen auch \noptimal W\u00e4rme speichern, sind elas-\ntisch und passen sich der K\u00f6rper -\nform an. Sie sind aufgrund des spezi-\nellen Materials auch gut im Alltag \n\u00fcber der Kleidung zu tragen.Ohrwickel \u00adStirnband  \nIdeal in Verbindung mit Johanniskraut-Lavendel-\u00d6l  oder Engelwurzbalsam.  \nAuch verwendbar bei Zahnbeschwerden.\nStirnband mit 2 bef\u00fcllbaren Ohrkompressen\nKleinkind, Schulkind  03714059 Gr\u00f6\u00dfe 1 22,50 \u20ac\nPulswickel  \u2013 f\u00fcr beide Handgelenke\nZur sanften Fiebersenkung wie auch bei kalten H\u00e4nden. Der Pulswickel wird \nschon bei den Kleinsten gerne eingesetzt.\n2 Woll-f\u00fchl\u00ae-Au\u00dfent\u00fccher, 2 Baumwoll-Zwischent\u00fccher mit Leinentuch\nKleinkind   (5 x 25 cm) 11287217 Gr\u00f6\u00dfe 1 18,50 \u20ac\nSchulkind   (8 x 32 cm) 11287246 Gr\u00f6\u00dfe 2 19, 9 5  \u20ac\nErwachsene (11 x 39 cm) 11287252 Gr\u00f6\u00dfe 3 21,50  \u20ac\nUniversalwickel  \nF\u00fcr W\u00e4rme \u00ad oder K\u00e4lteauflagen, Bienenwachswickel, Aroma\u00f6lmischungen \noder spezielle Heilpflanzenanwendungen. Mit dem Universalwickel ist das \nBefestigen einfach zu handhaben und das thermische Klima des Naturmate -\nrials erg\u00e4nzt die individuellen Zus\u00e4tze besonders wirkungsvoll.\nWoll-f\u00fchl\u00ae-Au\u00dfentuch, Leinentuch, Leinentasche\n  (13 x 64 cm) 11287192   2 3 , 9 5  \u20acBienenwachswickel\nDie heilsame W\u00e4rme der Bienenwachsauflage ist \u00e4u\u00dferst wirksam bei Husten \nund Erk\u00e4ltungen sowie bei Verspannungen oder R\u00fcckenbeschwerden. Der mehr -\nmals verwendbare Bienenwachswickel kann mit Aromamischungen wie dem \nThymian-Myrte-Balsam oder Thymian-Angelika-\u00d6l kombiniert werden und wird \nwahlweise mit dem Bauch- und Brustwickel oder dem W\u00e4rmekissen befestigt.\nKleinkind/Schulkind  (13,5  x 10 cm) 03713841 Gr\u00f6\u00dfe 1 4,95 \u20ac\nSchulkind/Erwachsene  (19 x 13,5 cm) 03713858 Gr\u00f6\u00dfe 2 8,50 \u20ac \nErwachsene (28 x 18 cm) 03713870 Gr\u00f6\u00dfe 3 12,50 \u20ac \nW\u00e4rmekissen  \nDas mit Heilwolle gef\u00fcllte W\u00e4rmekissen zur optimalen Befestigung des Bie -\nnenwachswickels ist auch dar\u00fcber hinaus vielseitig einsetzbar wie beispiels -\nweise als Kissen bei zahnenden Kindern.\nKleinkind/Schulkind  (16 x 13 cm) 03713999 Gr\u00f6\u00dfe 1  13,95 \u20ac\nSchulkind/Erwachsene  (22 x 16 cm) 03714013 Gr\u00f6\u00dfe 2  15,95 \u20ac\nErwachsene (30 x 20 cm) 03714036 Gr\u00f6\u00dfe 3 17,95 \u20ac\nBienenwachswickel-Set  \nDas praktische Set besteht aus W\u00e4rmekissen und Bienenwachswickel.\nKleinkind/Schulkind  04950945 Gr\u00f6\u00dfe 1 18,50 \u20ac\nSchulkind/Erwachsene  04950974 Gr\u00f6\u00dfe 2 22,50 \u20ac\nErwachsene  04951577 Gr\u00f6\u00dfe 3 27,50 \u20ac\nGelenkwickel  \nBeispielsweise bei Sportverletzungen oder chronischen Gelenkbeschwer -\nden. Wohltuende Aromawickel mit den Stadelmann\u00ae-Aromamischungen  oder \nk\u00fchlende, lindernde Auflagen mit Quark, Heilerde sowie fl\u00fcssigen Zus\u00e4tzen \nwie Essig oder Heilkr\u00e4utertinkturen\nWoll-f\u00fchl\u00ae-Au\u00dfentuch, Baumwoll-Zwischentuch und Leinentasche\nHand/Sprunggelenk  (17 x 32 cm ) 10382942  17,50  \u20ac\nEllbogen   (23 x 47 cm) 10382959  22,50 \u20ac\nKnie  (23 x 77 cm) 10382965  2 9, 5 0  \u20ac\nHalswickel  \nWohltuend und lindernd bei Halsbeschwerden. Erg\u00e4nzt durch die Aromami -\nschungen Halstr\u00f6ster, Thymian-Angelika-\u00d6l  oder Engelwurzbalsam  eine Wohltat.\nBaumwoll-Au\u00dfentuch, Baumwoll-Zwischentuch und Leinentasche\nKleinkind   (5 x 41 cm) 11287269 Gr\u00f6\u00dfe 1 14,95 \u20ac\nSchulk./Erw.   (6 x 51 cm) 11287275 Gr\u00f6\u00dfe 2 15,95 \u20ac\nErwachsene   (7 x 56 cm) 11287281 Gr\u00f6\u00dfe 3 16,95 \u20ac\nOhrkompresse \nMit der waschbaren Ohrkompresse lassen sich Zus\u00e4tze wie Zwiebel, Heil -\npflanzen oder Heilwolle kinderleicht am Ohr befestigen. Ideal in Verbindung \nmit Johanniskraut-Lavendel-\u00d6l  oder  Engelwurzbalsam . Auch verwendbar bei \nZahnbeschwerden.\n1 Kompresse  03714042 \u00f8 10 cm 6,95 \u20acVenenwickel \u00adSet\nVenenwickel, Lavendel-Zypressen-\u00d6l 50 ml, Venentee 65 g \n   03837158   3 5 , 9 5  \u20ac\nWickel-Hausapotheke \nWoll-f\u00fchl\u00ae Bauch \u00ad und Brustwickel Gr.1, Bienenwachswickel Gr.1, Ohrkom -\npresse, Pulswickel f\u00fcr Kleinkinder Gr.1, Waschhandschuh Kinder Leinen/\nFrottee, Heilwolle 50  g, Buch Wickel & Co. \u2013 B\u00e4renstarke Hausmittel f\u00fcr Kinder.\n   13583546   75,00 \u20ac\nWICKELT\u00dcCHER \nBourette-Seident\u00fccher (je 2 St\u00fcck)\nWirken auf irritierter Haut beruhigend und entz\u00fcndungshemmend. Auch als \n Ersatzt\u00fccher f\u00fcr die Wickel oder als Kompresse verwendbar.\nGr\u00f6\u00dfe 1  (12 x 25 cm) 08256578  6 , 9 5 \u20ac\nGr\u00f6\u00dfe 2  (22 x 39 cm) 08256584  9, 9 5 \u20ac\nLeinentaschen (je 2 St\u00fcck)\nUnser hochwertiges Leinen gilt aufgrund seiner hautfreundlichen, reizlin -\ndernden und auch thermischen Wirkung als optimales Wickelmaterial. Je \nnach Verwendungszweck k\u00f6nnen Sie die bef\u00fcllbare Leinentasche beispiels -\nweise mit Quark bei der stillenden Frau anwenden. Auch als Ersatz f\u00fcr diver -\nse Wickel verwendbar.\nGr\u00f6\u00dfe 1  (10 x 19 cm) 13718331  9, 9 5 \u20ac\nGr\u00f6\u00dfe 2  (14 x 29 cm) 13718348  11, 9 5  \u20ac\nGr\u00f6\u00dfe 3  (22 x 59 cm) 13718354  16,50  \u20ac\nLeinent\u00fccher (je 2 St\u00fcck)\nGr\u00f6\u00dfe 1  (12 x 28 cm) 08125873  7,50 \u20ac\nGr\u00f6\u00dfe 2  (22 x 45 cm) 08125874   9, 5 0 \u20acVenenwickel  (f\u00fcr ein Bein)\nBei Venenproblemen oder in der Schwangerschaft entstauend und entlas -\ntend. Empfehlenswert in Kom  bi na tion mit Lavendel-Zypressen-\u00d6l  oder Hama -\nmelis-Myrte-Balsam.  \nBaumwoll-Au\u00dfentuch, Baumwoll-Zwischentuch und Leinentuch\n  (35 x 70 cm) 03713982  2 0 , 9 5  \u20ac\nWoll-f\u00fchl\u00ae Venen- und Wadenwickel  (f\u00fcr ein Bein)\nWoll-f\u00fchl\u00ae-Au\u00dfentuch, Baumwoll-Zwischentuch und Leinentuch\nDas Au\u00dfentuch passt sich optimal der Beinform an und ist sehr einfach zu \nhandhaben.\n  (30  x 75 cm) 10382913  2 7, 9 5  \u20ac\nWadenwickel  (f\u00fcr beide Beine)\nTraditionell fiebersenkender Wickel mit zahlreichen Einsatzbereichen. Die \nWaden  wickel eignen sich auch gut zur Wirkungsverst\u00e4rkung von Salben- und \n\u00d6leinreibungen.\n2 Baumwoll-Au\u00dfent\u00fccher, 2 Baumwoll-Zwischent\u00fccher und 2 Leinent\u00fccher\nKleinkind   (15 x 30 cm) 11287298 Gr\u00f6\u00dfe 1 2 4 , 9 5  \u20ac\nSchulkind   (25 x 45 cm) 11287393 Gr\u00f6\u00dfe 2 3 0 , 9 5  \u20ac\nErwachsene  (35 x 70 cm) 03713976 Gr\u00f6\u00dfe 3 3 9, 9 5  \u20ac\nWoll-f\u00fchl\u00ae Wadenwickel  (f\u00fcr beide Beine)\n2 Woll-f\u00fchl\u00ae-Au\u00dfent\u00fccher, 2 Baumwoll-Zwischent\u00fccher und 2 Leinent\u00fccher\nKinderleichtes Befestigen mit den Woll-f\u00fchl\u00ae-Au\u00dfent\u00fcchern\nKleinkind   (15 x 30 cm) 13718294 Gr\u00f6\u00dfe 1 2 4 , 9 5  \u20ac\nSchulkind   (25 x 45 cm) 13718302 Gr\u00f6\u00dfe 2 3 0 , 9 5  \u20ac\nNasse Str\u00fcmpfe  (2 Leinen \u00ad und 2 Wollstr\u00fcmpfe)  Neu\nZuerst Leinenstr\u00fcmpfe feucht anziehen, dann die Wollstr\u00fcmpfe dar\u00fcber \nGr\u00f6\u00dfe 38/39  17592766 41,10  \u20ac\nGr\u00f6\u00dfe 40/41   17592849 41,10  \u20ac\nGr\u00f6\u00dfe 42/43  19592855 47,50  \u20ac\nWICKEL-SETS \nDie bew\u00e4hrten Produkte von Wickel & Co.\u00ae werden in Kombination mit un -\nseren Original-Stadelmann\u00ae-Aromamischungen  und Teemischungen zu prakti -\nschen Helfern in der Erk\u00e4ltungszeit und bei der Venenpflege.\nHalswickel-Set\nHalswickel Gr. 2, Thymian-Angelika-\u00d6l 50 ml, Halstr\u00f6ster 100 ml, Holunder-Linden -\nbl\u00fcten-Tee 45 g\n   03837187   3 6 , 9 5  \u20ac\nOhrkompressen \u00adSet\nOhrkompresse, 10 g Heilwolle, Johanniskraut-Lavendel-\u00d6l 5 ml\n   07312932  11, 9 5  \u20acDreilagiger Aufbau eines Wickels:\n 1  Innentuch/Innentasche aus  \n100% Leinen kbA\n 2  Zwischentuch aus  \n100% Baumwolle kbA\n 3  Au\u00dfentuch aus gewalkter  \nSchafschurwolle kbT oder\n 3  Au\u00dfentuch aus zweilagiger  \nBaumwolle mit Molton oder \nBaumwollpl\u00fcsch kbA\nkbA = kontrolliert biologischer Anbau    kbT = kontrolliert biologische Tierhaltung\nSchafschurwolle 3  1  2\nBaumwolle 3  1  277 76 Wickel & Co.WASCHHANDSCHUHE \nLeinenwaschhandschuh \u2013 100  % Leinen\nIntensiviert die Hautdurchblutung und verbessert die \u00d6laufnahme der Haut.\n   03714332   7,50 \u20ac\nLeinen \u00adFrottee \u00adWaschhandschuh \u2013 100  % Leinen, Frottee kbA\nIdeal f\u00fcr medizinische Waschungen. Die Frotteeseite erm\u00f6glicht ein sanftes \nTrockenb\u00fcrsten und macht ihn besonders angenehm f\u00fcr Kinder. \nKinder   01913116 Gr\u00f6\u00dfe 1 5 , 9 5 \u20ac\nErwachsene  01913122 Gr\u00f6\u00dfe 2 7,50 \u20ac\nERG\u00c4NZENDE PRODUKTE \nDuft- und Kr\u00e4uters\u00e4ckchen\nS\u00e4ckchen aus hochwertiger Baumwolle. Ideal zum Beduften mit \u00e4therischen \n\u00d6len oder zum Bef\u00fcllen mit Heilpflanzen. Zum Kuscheln und Entspannen, als \nEinschlafhilfe und in Erk\u00e4ltungszeiten. \nUnser Tipp:  Engelwurzbalsam oder Erk\u00e4ltungs\u00f6l  auf ein St\u00fcck Stoff oder Pa -\npiertaschentuch in das S\u00e4ckchen geben und \u00fcbers Kinderbett h\u00e4ngen.\n15 cm, unbef\u00fcllt\n(Kinder \u00ad oder Erwachsenenmotiv) 01913240  5,10 \u20ac\n15 cm, bef\u00fcllt mit Heilwolle, Kindermotiv 11287163  6,70 \u20ac\n15 cm, bef\u00fcllt mit Heilwolle, Erwachsene 16084559  6,70 \u20ac\nEntspannungskissen mit Kr\u00e4uterf\u00fcllung\nBaumwollkissen und Inlay gef\u00fcllt mit einer Mischung aus Hopfen, Lavendel, \n Melisse, Passionsblume und Zitronenverbene aus der Bahnhof-Apotheke .\n25 x 20 cm mit F\u00fcllung   11363450  16 , 9 5  \u20ac\nHeilkissen\nEin besonders hochwertiges Baumwollkissen aus kontrolliert biologischem \nAnbau. Die F\u00fcllung besteht aus Heilwolle. Es eignet sich zum Entspannen, als \nKuschel \u00ad oder Kopfkissen im Haushalt und in der Pflege. Chemo \u00adPatienten \nsch\u00e4tzen es sehr, da die feinen nachwachsenden Haare sich nicht verhaken \nk\u00f6nnen und dadurch Schmerzen verursachen.\n40 x 60 cm mit F\u00fcllung aus Heilwolle 13718124  5 8 , 9 5  \u20ac\nKuschelkissen mit Schafwolle\nVielseitig einsetzbar. Es ist beliebt bei Kindern und Erwachsenen zum Kuscheln \nund Einschlafen. Das Kissen ist mit Heilwolle bef\u00fcllt, welche mit \u00e4therischen \n\u00d6len betr\u00e4ufelt werden kann. Auch zum Bef\u00fcllen mit Heilkr\u00e4utern geeignet. \n25 x 25 cm mit F\u00fcllung, Kindermotiv 11479477  15 , 9 5  \u20ac\n25 x 25 cm mit F\u00fcllung, Erwachsenenmotiv 03714272  15 , 9 5  \u20acLeinens\u00e4ckchen f\u00fcr Heublumen/Kr\u00e4uter\nBestens geeignet f\u00fcr ein Heublumenbad. Das S\u00e4ckchen wird mit Kr\u00e4utern \nbef\u00fcllt und mit einem Zugband geschlossen.\nGr. 1 10 x 14 cm  09674728  6,30 \u20ac\nGr. 2 14,5 x 20 cm  09706552  8 , 9 5 \u20ac\nStilleinlagen\nDie Stilleinlagen aus Seide und Wolle sind ein wertvoller Begleiter in der  \nStillzeit; Sie sind angenehm zu tragen und sorgen durch die offene Maschen -\nstruktur f\u00fcr eine gute Luftzirkulation. \nSeide-Wolle (2 St\u00fcck)   16022707    \u00f8 ca. 13 cm 10,50  \u20ac\nSeide-Wolle-Wolle (2 St\u00fcck)  16022736    \u00f8 ca. 13 cm 11, 9 5  \u20ac\nTrockenb\u00fcrste f\u00fcr Kleinkinder \nAus zertifiziertem Buchenholz, ge\u00f6lt, mit reinen Naturhaaren. \nGeeignet zum Trockenb\u00fcrsten nach Kneipp, zur Hautpflege und als naturheil -\nkundliches Immuntraining \n   08117754     9,95 \u20ac\nBeste Stoffqualit\u00e4t in hervorragender Verarbeitung\nWickel & Co.\u00ae sucht die Materialien f\u00fcr die Herstellung der Wickelpro -\ndukte mit gr\u00f6\u00dfter Sorgfalt aus, denn die spezifischen Stoffeigenschaften \nverst\u00e4rken die Wirkungsweise der Wickel ma\u00dfgeblich. Es werden vor -\nzugsweise Stoffe aus kontrolliert biologischem Anbau (kbA) eingesetzt. \nWickel & Co.\u00ae ist dem Anspruch h\u00f6chster Qualit\u00e4t bei der Wahl der Roh -\nstoffe und deren Verarbeitung verpflichtet.\nMOORKISSEN \nMoor hat die F\u00e4higkeit, \u00fcber lange Zeit eine konstante Temperatur zu halten. \nF\u00fcr die Moorkissen wird frisches Moor von extra feiner Konsistenz in eine dichte, \nhautfreundliche Folie gef\u00fcllt. Das Kissen kann erw\u00e4rmt oder gek\u00fchlt werden \nund anschlie\u00dfend direkt auf die schmerzende K\u00f6rperstelle gelegt werden.\nMoorkissen  \nGr\u00f6\u00dfe 1 (13 x 11 cm)  06941034  12,95 \u20ac\nGr\u00f6\u00dfe 2 (22 x 18 cm)  06941040  19,70 \u20ac\nGr\u00f6\u00dfe 3 (53 x 18 cm)  06941057  31,00 \u20ac\nGr\u00f6\u00dfe 5 (25 x 38 cm)  06941063  31,00 \u20ac\nMoorkissen-Set  \nbestehend aus Moorkissen und Moorkissen-Stoffbezug \nGr\u00f6\u00dfe 1 (14 x 11 cm)  06941092  22,95 \u20ac\nGr\u00f6\u00dfe 2 (23 x 19 cm)  06941100  31,95 \u20ac\nGr\u00f6\u00dfe 3 (54 x 19 cm)  06941117  46,95 \u20ac\nGr\u00f6\u00dfe 4 (43 x 55 cm)  06941123  89,95 \u20ac\nWir teilen WissenF\u00fcr uns ist es eine Herzensangelegenheit, Gesundheit und den Umgang mit \nKrankheit ganzheitlich zu betrachten. Darauf basieren unsere Schwerpunkte \nder nat\u00fcrlichen Heilmethoden, darauf m\u00fcnzt unser Wissen um die Pflanzen -\nheilkunde, Aromatherapie und Hom\u00f6opathie, darauf fu\u00dft unsere Vorstellung \nvon bewusster Haltung: bewusst leben, bewusst pflegen, bewusst ern\u00e4hren. \nEs ist uns eine gro\u00dfe Freude, dieses Wissen mit Ihnen zu teilen!\nDie Hebamme und Aromaexpertin Ingeborg Stadelmann und Apotheker \nDietmar Wolz haben alle Weiterbildungen federf\u00fchrend konzipiert \u2013 mit viel \nFachwissen und einer gro\u00dfen Portion Leidenschaft.\nWir bieten Webinare und Pr\u00e4senzveranstaltungen zu Wissenswertem rund \num die Themen Naturheilverfahren & Selbstbehandlung, Schwangerschaft & \nElternwerden sowie bewusste Ern\u00e4hrung an. \nLassen Sie sich inspirieren: \n\u2022 Montagsreihe: Duft \u00ad und Heilpflanzen als kostenfreies Webinar\n\u2022 Dienstagsreihe: Wissen f\u00fcr junge Eltern \n\u2022  Original-Stadelmann\u00ae-Aromamischungen \u2013 Anwendungs- und Beratungshinweise\n\u2022 Gesundbleiben mit fetten Pflanzen\u00f6len an Haut und Seele \n\u2022 Selbstbehandlung mit Hom\u00f6opathie, Bachbl\u00fcten oder Sch\u00fcsslersalzen \n\u2022 Gesunde Ern\u00e4hrung vom Kleinkind bis ins hohe Alter\n\u2022 Fachwissen zu Wickel und Auflagen \n\u2022 Schulung der psychischen Widerstandsf\u00e4higkeit\n\u2022 Tiere mit Naturheilkunde selbst behandeln \nAusf\u00fchrliche Informationen zu unseren Veranstaltungen finden Sie auf der \nWebseite der Bahnhof-Apotheke  www.bahnhof \u00adapotheke.de \u00bbSeminare und \nAusbildungen\u00ab. Auf Anfrage organisieren wir ma\u00dfgeschneiderte Seminare \nund Webinare, die auf Ihre W\u00fcnsche abgestimmt sind.Wir teilen Wissen\nWebinar mit Ingeborg Stadelmann\nIhre Ansprechpartnerinnen\naus unserem Seminarb\u00fcro\nTel.: 00 49 (0)8 31 \u2013 5 22 66\u00ad18\nseminar@bahnhof-apotheke.de\nwww.bahnhof-apotheke.de\nMontag bis Freitag: 8.00 \u2013 13.00 Uhr\n               14.00 \u2013 17.00 Uhr\nBeatrice Wedlich Alina WagnerUNSERE AUSBILDUNGEN:\n\u2022 \u00bbAromatherapeut/in\u00ab bzw. \u00bbAromaexperte/in\u00ab* \n\u2022 \u00bbAromatherapie in der Geburtshilfe\u00ab* \n\u2022 \u00bbWickelexperte/in\u00ab Basisausbildung \n* von Forum Essenzia e.V. zertifiziert \nDie Ausbildungsg\u00e4nge zur Aromatherapie sind federf\u00fchrend von Ingeborg \nStadelmann und Dietmar Wolz konzipiert. Die Basisausbildung \u00bbWickelex -\nperte/in\u00ab hat Ursula Uhlemayr entwickelt. \nAlle Ausbildungen k\u00f6nnen mit einer Pr\u00fcfung abschlie\u00dfen.Wenn Ihnen der Weg zu uns zu weit ist, besuchen Sie doch mal unseren  \nOnline \u00adShop: shop.bahnhof-apotheke.de\nHier finden Sie:\n\u2022 Alles f\u00fcrs Kind    \u2022 Kekse & Knabbereien\n\u2022 Drogerieartikel    \u2022 M\u00fcsli & Breie\n\u2022 Gew\u00fcrze & Salze    \u2022 Nudeln & Pasta\n\u2022 Glutenfrei Produkte   \u2022 Tee und vieles mehr\nGerne k\u00f6nnen Sie auch telefonisch bestellen unter: 0049 (0)831 \u00ad 5 22 66 77\nPurNatur 79 78 PurNaturLassen Sie sich inspirieren! \nhttps://www.facebook.com/PurNaturKempten\nhttps://www.instagram.com/purnaturkempten\nF\u00fcr Produktempfehlungen, Aktionen und Neuigkeiten \n\u201eGESUNDHEIT F\u00c4NGT  \nBEI DER ERN\u00c4HRUNG AN\u201c \nDieses Motto begleitet uns seit nunmehr 20 Jahren! Seither finden Sie im  \nNaturkostladen der Bahnhof-Apotheke fast alles, was Sie sich f\u00fcr eine bewusste \nErn\u00e4hrung w\u00fcnschen: Eine gro\u00dfe Anzahl biologisch hergestellter, fair  \ngehandelter Nahrungsmittel namhafter Marken wie Rapunzel, Spielberger, \nBauck Hof und Sonnentor, erg\u00e4nzt um eine gro\u00dfe Auswahl an vegetarischen, \nveganen, laktose- und glutenfreien Produkten. \nBei der Sortimentsauswahl setzen wir, wo m\u00f6glich, auf Regionalit\u00e4t und \nHandarbeit von Allg\u00e4uer Sennereien, H\u00f6fen und Familienbetrieben. Dies er -\nm\u00f6glicht nicht nur kurze, umweltfreundliche Transportwege, sondern auch \neine vertrauensvolle Zusammenarbeit auf Augenh\u00f6he.\nWir freuen uns auf Sie! Wir lieben gutes Essen! Am liebsten von Hand gemacht, aus biologischen Zutaten \nohne Zusatzstoffe. Genau so entstand im PurNatur Bistro unsere Hausmarke \nPurAllg\u00e4u.  Gesunde Gerichte, die wir mit viel Leidenschaft und Sorgfalt zubereiten \nund zur Mitnahme in Gl\u00e4ser einkochen. Das ist unser Angebot an alle, die wenig \nZeit zum Selberkochen haben, gerne gut essen und Wert auf gesunde, hochwer -\ntige Lebensmittel legen.  Dabei ist alles, vom Gem\u00fcse sch\u00e4len bis zum Aufkleben \nder Etiketten, handgemacht. Diese Leidenschaft zahlt sich aus: J\u00fcngst erhielt \nPurAllg\u00e4u f\u00fcr den Ziegenschmortopf den Bio-Innovationspreis 2021. Das ist f\u00fcr \nuns Freude und Ansporn gleicherma\u00dfen!  Neugierig geworden? \nEine Auswahl der PurAllg\u00e4u K\u00f6stlichkeiten finden Sie auch in unserem Online\u00ad\nShop: shop.bahnhof\u00adapotheke.de. Darunter unsere beliebten Nussmuss\u00adSorten, \ndie reich an Vitaminen, Mineral \u00ad und Ballaststoffen sind. Doch Vorsicht, sie  \nmachen s\u00fcchtig.\nChili Con Carne  \n1,18 \u20ac/100 g 00803014 500 g 5 , 9 0 \u20ac\nGem\u00fcse Bolognese \n0,99 \u20ac/100 g 00801582 500 g 4,95 \u20ac \nKartoffelsuppe \n0,98 \u20ac/100 g 00804352 500 g 4 , 9 0 \u20ac\nKichererbsen Curry \n0,98 \u20ac/100 g 00802664 500 g 4 , 9 0 \u20ac\nRinder Bolognese \n1,18 \u20ac/100 g 00802071 500 g 5,90 \u20ac \nS\u00fc\u00dfkartoffel Suppe \n0,98 \u20ac/100 g 00804203 500 g 4 , 9 0 \u20ac\nTomatensuppe \n0,84 \u20ac/100 g 00804182 500 g 4,20 \u20ac\n \n Erdnussmus 100 %\n3,75 \u20ac/100 g vegan   08243831 200 g 7,50 \u20ac\nErdnussmus Karamel \u00adSchoko\n4,25 \u20ac/100 g 08243908 200 g 8 , 5 0 \u20ac\nHaselnussmus 100 %\n4,25 \u20ac/100 g vegan   00804806 200 g 8 , 5 0 \u20ac\nHaselnussmus Zartbitter\n4,25 \u20ac/100 g vegan   08242955 200 g 8 , 5 0 \u20ac\nMandelmus 100 % \n4,75 \u20ac/100 g vegan   00804829 200 g 9, 5 0 \u20ac\nMandelmus Kaffee-Schoko\n4,75 \u20ac/100 g 08243587 200 g 9, 5 0 \u20ac\nMandelmus Zartbitter\n4,45 \u20ac/100 g vegan   08243009 200 g 8 , 9 0 \u20ac\nPistazienmus 100 %\n9,90 \u20ac/100 g vegan   08244291 200 g 19, 8 0  \u20ac\nPistazienmus mit wei\u00dfer Schokolade\n9,25 \u20ac/100 g 08243771 200 g 18 , 5 0  \u20acPurAllg\u00e4u unsere Hausmarke PurNatur Naturkostladen der Bahnhof-Apotheke\nDie Produkte von PurAllg\u00e4u sind je nach Verf\u00fcgbarkeit \noder Saison lieferbar.80 81 Bewusste Ern\u00e4hrung Bewusste Ern\u00e4hrungVON ANFANG AN BIS INS HOHE ALTER \nBewusste Ern\u00e4hrung bedeutet nicht, jedem Trend zu folgen. Vielmehr geht es da-\nrum, von der Schwangerschaft bis ins hohe Alter, gezielt mit nahrhaften Lebens -\nmitteln eine vollwertige, bek\u00f6mmliche und n\u00e4hrstoffdeckende Nahrungs auswahl \nzu treffen. Besondere Bedeutung kommt dabei der Qualit\u00e4t der Lebensmittel \nzu, die idealerweise aus \u00f6kologischem Anbau stammen sollten. \nPRAXISORIENTIERTE  \nWISSENSVERMITTLUNG\nF\u00fcr uns ist es eine Herzensangelegenheit, Gesundheit ganzheitlich zu be -\ntrachten. Daher bieten wir in der Bahnhof-Apotheke  und dem Naturkostladen \nPurNatur sowohl Beratung und als auch eine breite Palette an Produkten f\u00fcr \ndie bewusste Ern\u00e4hrung an. \nWer sich intensiver mit Ern\u00e4hrung auseinandersetzen m\u00f6chte, dem empfeh -\nlen wir einen Blick in unser Fortbildungsangebot. Unsere FachexpertInnen \ninformieren Sie in Online \u00ad oder Pr\u00e4senzveranstaltungen kompetent und mit \ngro\u00dfem Bezug zur Praxis. \nInformieren Sie sich gerne unter:  \nhttps://www.bahnhof\u00ad apotheke.de/fortbildung.htmlBUCHEMPFEHLUNGEN\nCorrett / Edgson: Vegetarisch basisch gut\n100 einfache basische Rezepte f\u00fcr Geniesser, AT Verlag\nStadelmann N.: Ern\u00e4hrung in Schwangerschaft und Stillzeit  \nStadelmann \u00adVerlag, 3. \u00fcberarbeitete Auflage 2021\nStadelmann N.: Babybrei    \nKneipp Verlag, \u00fcberarbeitete 1. Auflage 2021\nvon Braunschweig R.: Pflanzen\u00f6le   \nStadelmann \u00adVerlag, 7. Auflage 2020\nDiese und weitere B\u00fccher siehe Seite 67\nERN\u00c4HRUNGSPYRAMIDE\n\u201eDer Mensch ist, was er isst\u201c (Ludwig Feuerbach)\nEine einfache Orientierung f\u00fcr eine bewusste Ern\u00e4hrung bietet die Ern\u00e4h -\nrungspyramide. Sie veranschaulicht, in welchen Mengen die verschiedenen \nLebensmittel f\u00fcr eine ausgewogene Ern\u00e4hrung von Bedeutung sind. Denn die \nrichtige Mischung und Menge machen den gesunden Unterschied.UNSERE EMPFEHLUNGEN F\u00dcR SIE!\nAlle Produkte finden Sie in unserem Online \u00adShop: shop.bahnhof \u00adapotheke.de\nAlpen Amaranth  \u2022  Rapunzel  \n1,63 \u20ac/100 g 08242910  150 g 2 , 4 9 \u20ac\nFeel good Protein  \u2022  Sunflower Familie\nMischung aus Sonnenblumen\u00ad, Weizenkeim\u00ad, K\u00fcrbis\u00ad, Lupinen\u00ad, Mandelprotein\n3,80 \u20ac/100 g 08242731 210 g 7, 9 9 \u20ac\nGetreidebrei Dinkel Tau  \u2022  Erdmann Hauser\nDemeter \u00adGetreide mit hoher Verf\u00fcgbarkeit der im Keimling  \nenthaltenen N\u00e4hrstoffe. Ureigener feiner Geschmack. \n1,22 \u20ac/100 g 00804918 450 g 5,50 \u20ac\nGourmet Berglinsen  \u2022  Rapunzel\nHeimische Eiwei\u00dfpflanze als Erg\u00e4nzung zu Getreideprodukten wie Nudeln \noder Sp\u00e4tzle, da optimale komplement\u00e4re Aminos\u00e4urewertigkeit.  \nKein Einweichen n\u00f6tig. \n0,70 \u20ac/100 g 08103537 500 g 3 , 4 9 \u20ac\nHaferflocken Zartblatt Demeter \u2022  Spielberger M\u00fchle\n0,53 \u20ac/100 g 08103778  375 g 1, 9 9 \u20ac\nHanf\u00f6l  \u2022  Chiron\nHohes Fetts\u00e4urespektrum im idealen Verh\u00e4ltnis f\u00fcr den Bedarf des Menschen. \n3,40 \u20ac/100 g 08119351 250 ml 8 , 4 9 \u20ac\nHot Hafer Basis glutenfrei \u2022  Bauck Hof\nDemeter \u00adQualit\u00e4t. Gluten \u00ad und laktosefrei. \n0,62 \u20ac/100 g 08121199 400 g 2 , 4 9 \u20ac\nLein\u00f6l  \u2022  Rapunzel\nHoher Gehalt an essenziellen, mehrfach unges\u00e4ttigten Fetts\u00e4uren.  \nNussiges Aroma mit einer leichten Bitternote. \n2,20 \u20ac/100 g 08218550  250 ml 5 , 4 9 \u20ac\nLein\u00f6l Mixtur  \u2022  Bio Planete\nmit DHA, gewonnen aus der Mikroalge Schizochytrium\n7,99 \u20ac/100 g 08120551 100 ml 7, 9 9 \u20ac\nMandelmus 100 %  \u2022  PurAllg\u00e4u\n4,75 \u20ac/100 g 00804829 200 g 9,50 \u20ac \nRaps\u00f6l  \u2022  Allg\u00e4uer \u00d6lm\u00fchle \n1,20 \u20ac/100 g 08107626 250 ml 2 , 9 9 \u20acBewusste Ern\u00e4hrung\nS\u00fc\u00dfigkeiten, Fertigprodukte\nWei\u00dfmehlprodukte\nN\u00fcsse, Samen, Milchprodukte, Fisch, \nFleisch, Eier, Pflanzenproteine\nVollkorngetreideprodukte, \nKartoffeln\nObst und Gem\u00fcse, zubereitet \nmit nativen Pflanzen\u00f6len\nGetr\u00e4nkemax. 1 Portion\nmax. 1 Portion\n2\u20133 Portionen\n3\u20134 Portionen\n5 Portionen\n6 Gl\u00e4ser \u00e0 250 mlERN\u00c4HRUNGSPYRAMIDE\nOhne Wasser l\u00e4uft nichts: Getr\u00e4nke . \nDer beste Durstl\u00f6scher ist reines Wasser, gefolgt von gro\u00dfz\u00fcgig verd\u00fcnnten \nSaftschorlen oder unges\u00fc\u00dftem Tee. \n\u201eBunt is(s)t gesund\u201c. Obst und Gem\u00fcse. Da sie unterschiedliche Vitamine, \nMineralstoffe, Spurenelemente und sekund\u00e4re Pflanzenstoffe enthalten, \nsollten viele verschiedene Sorten verzehrt werden. Die Zugabe von hoch -\nwertigen Pflanzen\u00f6len verbessert die Aufnahme einiger Vitalstoffe. \nWertvolles Korn: Vollkorngetreideprodukte und Kartoffeln. Sie liefern \nwertvolle N\u00e4hrstoffe und halten lange satt und fit. Die bekanntesten Getreide\u00ad\nsorten sind Weizen, Dinkel, Roggen, Reis, Hafer, Gerste, Mais und Hirse.\nGesundes Wachstum : Milch und Milchprodukte, Fleisch, Fisch, Eier \nund Pflanzenproteine wie H\u00fclsenfr\u00fcchte und N\u00fcsse. Linsen, Bohnen und \nSoja sind wertvolle pflanzliche Eiwei\u00dfquellen f\u00fcr alle, die sich fleischlos  \nern\u00e4hren m\u00f6chten.\nVorsicht, nicht zu viel! Wei\u00dfmehlprodukte, S\u00fc\u00dfigkeiten und Geb\u00e4ck. \nS\u00fc\u00dfe und salzige Schleckereien sowie viele industrielle Fertigprodukte \nenthalten eine Menge Zucker, Fette und k\u00fcnstliche Zusatzstoffe. Sie machen \nschlapp und manchmal sogar krank. \n\u00a9 Stadelmann\u00adVerlag\n\u00a9 Natalie Stadelmann \u00a9 Natalie Stadelmann82 AGB Bahnhof-Apotheke 83\nQUALIT\u00c4T UND HANDARBEIT \nAus der engen Zusammenarbeit zwischen Dietmar Wolz und der Hebamme  \nIngeborg Stadelmann entstanden 1988 die Original-Stadelmann\u00ae-Aromamischungen. \nEine Erfolgsgeschichte, die damals niemand vorhersehen konnte. Die gro\u00dfe \nNachfrage nach den Produkten war ausschlaggebend f\u00fcr die Erweiterung der \nApotheke um eine moderne Manufaktur auf der gegen\u00fcberliegenden Stra -\n\u00dfenseite. Ein gl\u00e4serner Steg verbindet nicht nur gem\u00e4\u00df Apothekenbetriebs -\nordnung beide Geb\u00e4ude miteinander, sondern ist auch zu einem unserer \nMarkenzeichen geworden. \nEinzigartig am Bau der neuen R\u00e4umlichkeiten ist die Kooperation mit einem \nAkustikexperten, der auch Konzerts\u00e4le konzipiert. Er hat die Arbeitspl\u00e4tze \nso konstruiert, dass der Nachhall von Gespr\u00e4chen beseitigt wird, was f\u00fcr \neine optimale Verst\u00e4ndigung untereinander sorgt. Die nach ergonomischen \nGesichtspunkten gestalteten Arbeitspl\u00e4tze wurden mit viel Holz und h\u00f6hen -\nverstellbaren Tischen ausgestattet. Herzst\u00fcck ist der Reinraum, der nur mit \nSchutzkleidung durch eine Schleuse betreten werden darf. Hier werden die \nAromamischungen von Hand hergestellt und abgef\u00fcllt.\nGESUNDHEIT F\u00c4NGT BEI DER ERN\u00c4HRUNG AN\nWas brauchen Menschen, um sich wohl und gesund zu f\u00fchlen? Schlaf, Bewe -\ngung und vor allem hochwertiges Essen. Dieser Gedanke ist die Leitidee hinter \ndem PurNatur, dem Naturkostladen der Bahnhof-Apotheke . Seit 20 Jahren \nsteht das PurNatur mit eigenem Bistro f\u00fcr nahrhafte Lebensmittel und nach -\nhaltige Produkte.\nF\u00dcRSORGE UND VERANTWORTUNG \nZur Entspannung tr\u00e4gt vor allem der Marktplatz bei, unser zentraler Aufent -\nhaltsbereich. Hier treffen sich die Angestellten zum gemeinsamen Austausch. \nAm liebsten beim gleichsam gesunden wie leckeren Mittagessen, das im  \nPurNatur gekocht wird. Um den vielen M\u00fcttern unter den Angestellten die \nBalance zwischen Arbeit und Familie zu erleichtern, hat Wolz zudem eine  \nbetriebseigene Kinderbetreuung im Haus initiiert, die sogar als Kneipp-Kita \nzertifiziert wurde. Auch externe Kinder sind herzlich willkommen. \nBeratung und Bestellannahmewenn dieser einfach fahrl\u00e4ssig verursacht wurde, es sei denn, es handelt sich um Schadensersatzanspr\u00fcche des Kunden aus \neiner Verletzung des Lebens, des K\u00f6rpers oder der Gesundheit.\n(3) Die Einschr\u00e4nkungen des Abs. 1 und Abs. 2 gelten auch zugunsten unserer gesetzlichen Vertreter und Erf\u00fcllungsgehil -\nfen, wenn Anspr\u00fcche direkt gegen diese geltend gemacht werden.\n(4) Die sich aus Abs. 1 und Abs. 2 ergebenden Haftungsbeschr\u00e4nkungen gelten nicht, soweit wir den Mangel arglistig ver -\nschwiegen oder eine Garantie f\u00fcr die Beschaffenheit der Sache \u00fcbernommen haben. Das Gleiche gilt, soweit wir und der \nKunde eine Vereinbarung \u00fcber die Beschaffenheit der Sache getroffen haben. Die Vorschriften des Produkthaftungsgesetzes blei-\nben unber\u00fchrt.\n(5) Zur bestehenden Berufshaftpflichtversicherung wird auf die n\u00e4heren Angaben im Impressum verwiesen.\n(6) Bei Arzneimitteln, die unter bestimmten Temperatur \u00ad und Lichtbedingungen gelagert werden m\u00fcssen, haften wir f\u00fcr \nsachgerechte Transport \u00ad und Lagebedingungen bis zur \u00dcbergabe an den Verbraucher. \n11. Datenschutz\nEine Bestellung macht die Verarbeitung von personenbezogenen Daten wie von uns abgefragt erforderlich. Die Erhebung \npersonenbezogenen Daten ist Voraussetzung f\u00fcr die Durchf\u00fchrung der vertraglichen Beziehung zwischen dem Kunden und \nuns. Der Schutz der Privatsph\u00e4re ist uns dabei ein wichtiges Anliegen. Personenbezogene Daten, die der Kunde uns im Rah -\nmen der Bestellung mitteilt, verarbeiten wir nur zu dem Zweck, Ihre Bestellung zu erf\u00fcllen und abzuwickeln. Nach vollst\u00e4n -\ndiger Abwicklung der Bestellung werden die Daten f\u00fcr die weitere Verwendung gesperrt und nach Ablauf der steuer \u00ad und \nhandelsrechtlichen Aufbewahrungsfristen gel\u00f6scht, sofern der Kunde nicht ausdr\u00fccklich in eine weitere Nutzung Ihrer Da -\nten eingewilligt hat. Wenn Waren geliefert werden, werden die betreffenden Daten an das von uns beauftragte Versand -\nunternehmen weitergegeben, soweit diese zur Lieferung ben\u00f6tigt werden. Zahlungs \u00ad und Rechnungsdaten werden ggf. an \neinen entsprechenden Zahlungsdienstleister \u00fcbermittelt. Weitere Informationen \u00fcber die Datenverarbeitung, insbesonde -\nre zu den Betroffenenrechten, sind in der Datenschutzerkl\u00e4rung (https://shop.bahnhof \u00adapotheke.de/content/daten -\nschutz.58.html) abrufbar. \n12. Online-Streitbeilegung\n(1) Die EU \u00adKommission hat eine Internetplattform zur Online \u00adBeilegung von Streitigkeiten (sog. \u201eOS \u00adPlattform\u201c) geschaf -\nfen. Die OS \u00adPlattform dient als Anlaufstelle zur au\u00dfergerichtlichen Beilegung von Streitigkeiten, die aus Online \u00adDienstleis -\ntungsvertr\u00e4gen erwachsen. Die OS \u00adPlattform wird unter dem folgenden Link erreicht: https://ec.europa.eu/consumers/\nodr/main/index.cfm?event=main.home2.show&lng=DE\n(2) Zur Teilnahme an einem Streitbeilegungsverfahren vor einer Verbraucherschlichtungsstelle nach dem \u201eGesetz \u00fcber die \nalternative Streitbeilegung in Verbrauchersachen (VSBG)\u201c sind wir nicht bereit und nicht verpflichtet.\n13. Schlussbestimmungen\n(1) Diese AGB bzw. jegliche Streitigkeiten aus oder in Zusammenhang mit diesen unterliegen deutschem Recht unter Aus -\nschluss des UN \u00adKaufrechts. Die gesetzlichen Vorschriften zur Beschr\u00e4nkung der Rechtswahl und zur Anwendbarkeit zwin -\ngender Vorschriften insbesondere des Staates, in dem der Kunde als Verbraucher seinen gew\u00f6hnlichen Aufenthalt hat, blei -\nben unber\u00fchrt.\n(2) Ist der Kunde Kaufmann i.S.d. \u00a7 1 Abs. 1 HGB, eine juristische Person des \u00f6ffentlichen Rechts oder ein \u00f6ffentlich \u00adrecht -\nliches Sonderverm\u00f6gen, so sind die Gerichte in Kempten im Allg\u00e4u f\u00fcr alle Streitigkeiten aus oder im Zusammenhang mit \ndem betreffenden Vertragsverh\u00e4ltnis ausschlie\u00dflich zust\u00e4ndig. In allen anderen F\u00e4llen k\u00f6nnen wir oder der Kunde Klage vor \njedem aufgrund gesetzlicher Vorschriften zust\u00e4ndigen Gericht erheben.\n(3) Die Unwirksamkeit einzelner Bestimmungen des diese AGB einbeziehenden Vertrages l\u00e4sst die Wirksamkeit der \u00fcbri -\ngen Bestimmungen und den Bestand des Vertrages unber\u00fchrt. An die Stelle der unwirksamen Bestimmung tritt \u2013 soweit es \nsich hierbei nicht um Allgemeine Gesch\u00e4ftsbedingungen handelt \u2013 eine Regelung, die in ihrem wirtschaftlichen Gehalt der \nunwirksamen am n\u00e4chsten kommt. Entsprechendes gilt im Falle einer L\u00fccke.\n(4) Aus Gr\u00fcnden der besseren Lesbarkeit wird bei Bezeichnungen, die auf Personen bezogen sind, die m\u00e4nnliche Form ver -\nwendet. Entsprechende Begriffe gelten im Sinne der Gleichbehandlung grunds\u00e4tzlich f\u00fcr alle Geschlechter. Die verk\u00fcrzte \nSprachform hat nur redaktionelle Gr\u00fcnde und beinhaltet keine Wertung.\nWIDERRUFSBELEHRUNG (STAND: SEPTEMBER 2021)\nWiderrufsrecht\nSie haben das Recht, binnen vierzehn Tagen ohne Angabe von Gr\u00fcnden diesen Vertrag zu widerrufen. Die Widerrufsfrist \nbetr\u00e4gt vierzehn Tage ab dem Tag, an dem Sie oder ein von Ihnen benannter Dritter, der nicht der Bef\u00f6rderer ist, die Wa -\nren bzw. die letzte Ware in Besitz genommen haben bzw. hat.\nUm Ihr Widerrufsrecht auszu\u00fcben, m\u00fcssen Sie uns, der Bahnhof-Apotheke  Apotheker Dietmar Wolz e.K., z.B. an Bahnhof-  \nApotheke  Apotheker Dietmar Wolz e.K., Bahnhofstrasse 12, 87435 Kempten Allg\u00e4u oder per Fax: 0831 \u00ad5 22 66 26 oder per  \nE\u00adMail: bestellung@bahnhof \u00adapotheke.de) mittels einer eindeutigen Erkl\u00e4rung (z. B. ein mit der Post versandter Brief, Te -\nlefax oder E \u00adMail) \u00fcber Ihren Entschluss, diesen Vertrag zu widerrufen, informieren. Zur Wahrung der Widerrufsfrist \nreicht es aus, dass Sie die Mitteilung \u00fcber die Aus\u00fcbung des Widerrufsrechts vor Ablauf der Widerrufsfrist absenden. \nSie k\u00f6nnen daf\u00fcr unser Muster Widerrufsformular verwenden, das jedoch nicht vorgeschrieben ist.\nDas Widerrufsformular k\u00f6nnen Sie hier herunterladen (https://shop.bahnhof\u00ad apotheke.de/documents/products/Statisch/\nMuster-Widerrufsformular.pdf) oder telefonisch bei uns anfordern.\nWiderrufsfolgen\nWenn Sie diesen Vertrag widerrufen, haben wir Ihnen alle Zahlungen, die wir von Ihnen erhalten haben, einschlie\u00dflich der \nLieferkosten (mit Ausnahme der zus\u00e4tzlichen Kosten, die sich daraus ergeben, dass Sie eine andere Art der Lieferung als \ndie von uns angebotene, g\u00fcnstigste Standardlieferung gew\u00e4hlt haben), unverz\u00fcglich und sp\u00e4testens binnen vierzehn Tagen \nab dem Tag zur\u00fcckzuzahlen, an dem die Mitteilung \u00fcber Ihren Widerruf dieses Vertrags bei uns eingegangen ist. F\u00fcr diese \nR\u00fcckzahlung verwenden wir dasselbe Zahlungsmittel, das Sie bei der urspr\u00fcnglichen Transaktion eingesetzt haben, es sei \ndenn, mit Ihnen wurde ausdr\u00fccklich etwas anderes vereinbart; in keinem Fall werden Ihnen wegen dieser R\u00fcckzahlung Ent -\ngelte berechnet.\nWir k\u00f6nnen die R\u00fcckzahlung verweigern, bis wir die Waren wieder zur\u00fcckerhalten haben oder bis Sie den Nachweis er -\nbracht haben, dass Sie die Waren zur\u00fcckgesandt haben, je nachdem, welches der fr\u00fchere Zeitpunkt ist. Sie haben die Wa -\nren unverz\u00fcglich und in jedem Fall sp\u00e4testens binnen vierzehn Tagen ab dem Tag, an dem Sie uns \u00fcber den Widerruf dieses \nVertrages unterrichten, an uns zur\u00fcckzusenden oder zu \u00fcbergeben. Die Frist ist gewahrt, wenn Sie die Waren vor Ablauf \nder Frist von vierzehn Tagen absenden. Sie tragen die unmittelbaren Kosten der R\u00fccksendung der Waren. Sie m\u00fcssen f\u00fcr \neinen etwaigen Wertverlust der Waren nur aufkommen, wenn dieser Wertverlust auf einen zur Pr\u00fcfung der Beschaffen -\nheit, Eigenschaften und Funktionsweise der Waren nicht notwendigen Umgang mit ihnen zur\u00fcckzuf\u00fchren ist.\nDas Widerrufsrecht besteht nicht bei Fernabsatzvertr\u00e4gen\n\u00ad  zur Lieferung von Waren, die nicht vorgefertigt sind und f\u00fcr deren Herstellung eine individuelle Auswahl oder Bestimmung durch \nden Verbraucher ma\u00dfgeblich ist oder die eindeutig auf die pers\u00f6nlichen Bed\u00fcrfnisse des Verbrauchers zugeschnitten sind,\n\u00ad zur Lieferung von Waren, die schnell verderben k\u00f6nnen oder deren Verfallsdatum schnell \u00fcberschritten w\u00fcrde,\n\u00ad  zur Lieferung versiegelter Waren, die aus Gr\u00fcnden des Gesundheitsschutzes oder der Hygiene nicht zur R\u00fcckgabe geeig -\nnet sind, wenn ihre Versiegelung nach der Lieferung entfernt wurde,\n\u00ad  zur Lieferung von Waren, wenn diese nach der Lieferung auf Grund ihrer Beschaffenheit untrennbar mit anderen G\u00fctern vermischt \nwurden,\n\u00ad  zur Lieferung alkoholischer Getr\u00e4nke, deren Preis bei Vertragsschluss vereinbart wurde, die aber fr\u00fchestens 30 Tage nach  \nVertragsschluss geliefert werden k\u00f6nnen und deren aktueller Wert von Schwankungen auf dem Markt abh\u00e4ngt, auf die der  \nUnternehmer keinen Einfluss hat.\n-Ende der Widerrufsbelehrung-1. Geltungsbereich\n(1) Alle Vertr\u00e4ge, Lieferungen und sonstigen Leistungen aufgrund von Bestellungen unserer Kunden \u00fcber in unserem Pro -\nduktkatalog pr\u00e4sentierten Waren unterliegen den nachstehenden Allgemeinen Gesch\u00e4ftsbedingungen (AGB) in ihrer zum \nZeitpunkt der Bestellung g\u00fcltigen Fassung.\n(2) Der Kunde ist Verbraucher, soweit der Zweck der georderten Lieferungen und Leistungen nicht \u00fcberwiegend seiner \ngewerblichen oder selbst\u00e4ndigen beruflichen T\u00e4tigkeit zugerechnet werden kann. Dagegen ist Unternehmer jede nat\u00fcrli -\nche oder juristische Person oder rechtsf\u00e4hige Personengesellschaft, die beim Abschluss des Vertrags in Aus\u00fcbung ihrer ge -\nwerblichen oder selbst\u00e4ndigen beruflichen T\u00e4tigkeit handelt.\n(3) Diese AGB gelten f\u00fcr die Gesch\u00e4ftsbeziehungen zwischen der Bahnhof-Apotheke  Apotheker Dietmar Wolz e.K. ( Bahn-\nhof-Apotheke ) und dem Kunden ausschlie\u00dflich. Entgegenstehende oder von diesen Gesch\u00e4ftsbedingungen abweichende Be -\ndingungen des Kunden finden keine Anwendung, es sei denn, wir stimmen ihrer Geltung ausdr\u00fccklich schriftlich zu. M\u00fcnd -\nliche Nebenabreden bestehen nicht.\n2. Vertragsschluss und -abwicklung\n(1) Die Bahnhof-Apotheke  verf\u00fcgt \u00fcber eine Erlaubnis zum Versand von apothekenpflichtigen Arzneimitteln gem. \u00a7 11a ApoG.\n(2) Die Pr\u00e4sentation und Bewerbung von Artikeln in unserem Katalog stellt kein bindendes Angebot zum Abschluss eines \nKaufvertrags dar, sondern eine Einladung an Sie, die im Katalog beschriebenen Produkte zu bestellen. Mit dem Absenden \neiner Bestellung per Telekommunikationsmittel (Telefon, Fax, E \u00adMail) oder in Text \u00ad oder Schriftform geben Sie eine rechts -\nverbindliche Bestellung ab. Sie sind an die Bestellung f\u00fcr die Dauer von zwei (2) Wochen nach Abgabe der Bestellung, ma\u00df -\ngebend ist das Datum des Bestelleingangs bei uns oder der Zeitpunkt der telefonischen Bestellannahme durch uns, gebun -\nden. Ihr Recht, Ihre Bestellung ggf. widerrufen zu k\u00f6nnen, bleibt hiervon unber\u00fchrt. Ein Vertrag kommt erst zustande, wenn \nwir Ihre Bestellung durch eine Annahmeerkl\u00e4rung oder durch die Lieferung der bestellten Artikel annehmen.\n(3) Die bestellten Waren werden mittels eines externen Postdienstleisters an die vom Kunden angegebene Adresse ver -\nsandt. Die Lieferzeiten berechnen sich vom Zeitpunkt des Vertragsschlusses und betragen innerhalb Deutschlands in der \nRegel 1 \u00ad3 Werktage. Kann diese Frist aufgrund von Lieferschwierigkeiten nicht eingehalten werden, wird der Kunde infor -\nmiert. In diesen F\u00e4llen steht es dem Kunden frei, binnen 24 Stunden ab Benachrichtigung mitzuteilen, ob er gleichwohl die \nBelieferung w\u00fcnscht und l\u00e4ngere Lieferzeiten in Anspruch nimmt oder ob auf eine Durchf\u00fchrung des Vertrages verzichtet \nwird. Es gelten die Versandkosten gem\u00e4\u00df Seite 6.\n(4) Da es sich bei angebotenen Waren haupts\u00e4chlich um begrenzt bevorratete Naturprodukte handelt, werden Auftr\u00e4ge \nunter dem Vorbehalt der Lieferm\u00f6glichkeit angenommen.\n3. Preise, Zahlung und R\u00fccksendungskosten\n(1) Unsere Preise verstehen sich ab Lager und beinhalten die gesetzliche Mehrwertsteuer zzgl. der ggf. anfallenden Versand \u00ad \nbzw. Belieferungskosten. Z\u00f6lle und \u00e4hnliche Abgaben hat der Kunde zu tragen.\n(2) Die Zahlung der aus unserem Produktkatalog bestellten Produkte erfolgt durch PayPal Plus (PayPal \u00adKonto, PayPal \u00adLast-\nschrift, PayPal \u00adKreditkarte), Lastschriftverfahren, Vorauskasse, giropay (paydirekt) oder \u00fcber Sofort\u00fcberweisung und gem. \nden im Produktkatalog angegebenen Lieferkonditionen (Seite 6).\n(3) Der Kunde hat im Falle eines Widerrufs die unmittelbaren Kosten der R\u00fccksendung zu tragen.\n4. Beratung\nZum Zwecke der pharmazeutischen Beratung sowie bei sonstigen Anliegen erreichen Sie uns wie folgt: montags bis frei -\ntags: 8 bis 19 Uhr, samstags: 9 bis 18 Uhr, Telefon: 0831 \u00ad5 22 66 11.\n5. Verf\u00fcgbarkeit\nIst ein gew\u00fcnschtes Produkt nicht verf\u00fcgbar, so werden wir den Kunden hier\u00fcber \u2013 wenn nicht bereits w\u00e4hrend des Be -\nstellprozesses erfolgt \u2013 schnellstm\u00f6glich in Kenntnis setzen. Soweit dies m\u00f6glich ist, wird dem Kunden in diesem Fall als \nAlternative die Bestellung eines vergleichbaren Produkts vorgeschlagen.\n6. Versandhandel und Weiterverkauf an Gewerbetreibende\n(1) Der Vertrieb und das Weiterverkaufen der von der Bahnhof-Apotheke bezogenen Waren im Versandhandel oder an Ge -\nwerbetreibende gleicher Handelsebene (Gro\u00dfhandel an Gro\u00dfhandel oder Einzelhandel an Einzelhandel) oder Gewerbetrei -\nbende vorgelagerter Handelsebenen (Einzelhandel an Gro\u00dfhandel) ist nur mit unserer schriftlichen Genehmigung erlaubt. \n(2) Der Vertrieb und das Weiterverkaufen \u00fcber Auktions \u00ad und Handelsplattformen, die erkennbar von Dritten betrieben \nwerden, wie z.B. ebay oder amazon Marketplace, ist untersagt. Der Vertrieb \u00fcber einen eigenen Internetshop des K\u00e4ufers \nist zul\u00e4ssig, sofern dessen Gestaltung den gesetzlichen Vorgaben entspricht und dem besonderen Charakter der Produkte \ngerecht wird.\n7. Versanddauer, Gefahr\u00fcbergang\n(1) Wir schulden nur die rechtzeitige, ordnungsgem\u00e4\u00dfe Ablieferung der Ware an den externen Postdienstleister und sind \nf\u00fcr von diesem verursachte Verz\u00f6gerungen nicht verantwortlich. Eine von uns genannte Versanddauer (Zeitraum zwischen \nder \u00dcbergabe durch uns an den Postdienstleister und der Auslieferung an den Kunden) ist daher unverbindlich.\n(2) Ist der Kunde Verbraucher, geht die Gefahr des zuf\u00e4lligen Untergangs, der zuf\u00e4lligen Besch\u00e4digung oder des zuf\u00e4lligen \nVerlusts der gelieferten Ware in dem Zeitpunkt auf den Kunden \u00fcber, in dem die Ware an den Kunden ausgeliefert wird \noder der Kunde in Annahmeverzug ger\u00e4t. In allen anderen F\u00e4llen geht die Gefahr, sofern wir nur die Versendung schulden, \nmit der Auslieferung der Ware an das Transportunternehmen auf den Kunden \u00fcber.\n8. Eigentumsvorbehalt, Zur\u00fcckbehaltungsrecht, Aufrechnung \n(1) Wir behalten uns das Eigentum an der von uns gelieferten Ware bis zur vollst\u00e4ndigen Zahlung des Kaufpreises (ein -\nschlie\u00dflich Umsatzsteuer und Versandkosten) f\u00fcr die betreffende Ware vor. \n(2) Ein Zur\u00fcckbehaltungsrecht kann nur gegen Forderungen ausge\u00fcbt werden, die auf demselben Vertragsverh\u00e4ltnis beru -\nhen. Im Falle laufender Gesch\u00e4ftsbeziehung gilt jeder einzelne Auftrag als gesondertes Vertragsverh\u00e4ltnis. \n(3) Nur von uns anerkannte oder rechtskr\u00e4ftig festgestellte Forderungen, oder solche die mit der Hauptforderung gegen -\nseitig verkn\u00fcpft sind, berechtigen den Kunden zur Aufrechnung.\n9. Gew\u00e4hrleistung\n(1) Ist die gelieferte Ware mit einem Mangel behaftet, kann der Kunde von uns zun\u00e4chst die Beseitigung des Mangels oder \ndie Lieferung von mangelfreier Ware verlangen. \n(2) Falls die Nacherf\u00fcllung gem. Abs. 1 fehlschl\u00e4gt oder dem Kunden unzumutbar ist oder wir die Nacherf\u00fcllung verwei -\ngern, ist der Kunde jeweils nach Ma\u00dfgabe des anwendbaren Rechts berechtigt, vom Kaufvertrag zur\u00fcckzutreten, den Kauf -\npreis zu mindern oder Schadensersatz oder Ersatz seiner vergeblichen Aufwendungen zu verlangen. F\u00fcr Anspr\u00fcche des \nKunden auf Schadensersatz gelten jedoch die besonderen Bestimmungen der Ziff. 10 dieser AGB.\n(3) Die Verj\u00e4hrungsfrist f\u00fcr Anspr\u00fcche aus M\u00e4ngelhaftung betr\u00e4gt ab Lieferung ein Jahr gegen\u00fcber Unternehmern sowie \nzwei Jahre gegen\u00fcber Verbrauchern.\n(4) Nur gegen\u00fcber Unternehmern gilt folgendes: Der Kunde hat die Ware unverz\u00fcglich nach \u00dcbersendung sorgf\u00e4ltig zu untersu-\nchen. Die gelieferte Ware gilt als vom Kunden genehmigt, wenn ein Mangel uns nicht im Falle von offensichtlichen M\u00e4ngeln inner -\nhalb von f\u00fcnf Werktagen nach Lieferung oder sonst innerhalb von f\u00fcnf Werktagen nach Entdeckung des Mangels angezeigt wird.\n(5) Eine zus\u00e4tzliche Garantie besteht bei den von uns gelieferten Waren nur, wenn diese ausdr\u00fccklich in der Auftragsbe -\nst\u00e4tigung zu dem jeweiligen Artikel abgegeben wurde.\n10. Haftung\n(1) Anspr\u00fcche des Kunden auf Schadensersatz sind ausgeschlossen. Hiervon ausgenommen sind Schadensersatzanspr\u00fcche \ndes Kunden aus der Verletzung des Lebens, des K\u00f6rpers, der Gesundheit oder aus der Verletzung wesentlicher Vertrags -\npflichten (Kardinalpflichten) sowie die Haftung f\u00fcr sonstige Sch\u00e4den, die auf einer vors\u00e4tzlichen oder grob fahrl\u00e4ssigen \nPflichtverletzung von uns, unserer gesetzlichen Vertreter oder Erf\u00fcllungsgehilfen beruhen. Wesentliche Vertragspflichten \nsind solche, deren Erf\u00fcllung zur Erreichung des Ziels des Vertrags notwendig ist.\n(2) Bei der Verletzung wesentlicher Vertragspflichten haften wir nur auf den vertragstypischen, vorhersehbaren Schaden, ALLGEMEINE GESCH\u00c4FTSBEDINGUNGEN der Bahnhof-Apotheke  Apotheker Dietmar Wolz e.K. (Stand: September 2021)\nBahnhof-Apotheke\nBahnhof-ApothekeSeit \u00fcber 35 Jahren steht die Bahnhof-Apotheke unter der Leitung von Apotheker Dietmar Wolz. In dieser Zeit hat sich vieles ver\u00e4ndert. Eines aber ist stets gleichgeblie-\nben: Wir beraten unsere Kunden, wie eine gute Freundin oder einen guten Freund. Daher nehmen wir uns bewusst Zeit f\u00fcr Sie und Ihr Anliegen \u2013 egal ob es sich um \neine fachkundige Beratung in der Apotheke handelt, ein Verw\u00f6hnprogramm in unserem Kosmetikstudio oder Sie in unserem Blumenladen ein Gesteck f\u00fcr den beson-\nderen Anlass suchen. F\u00fcr uns ist es selbstverst\u00e4ndlich, Gesundheit und Krankheit ganzheitlich zu betrachten. Darauf basieren unsere Schwerpunkte der Allo -\npathie und der Naturheilkunde, darauf m\u00fcnzt unser Wissen um die Pflanzenheilkunde sowie die Aroma \u00ad und Hom\u00f6opathie, darauf fu\u00dft unsere Vorstellung \nvon bewusster Haltung: bewusst leben, bewusst pflegen, bewusst ern\u00e4hren.Von der Pflanze zu den Original-Stadelmann\u00ae-Aromamischungen  durch \nachtsame Handarbeit in der  Bahnhof -Apotheke Kempten - Allg\u00e4u\nDie Produkte aus diesem Katalog erhalten Sie bei:\nHersteller und Herausgeber: Apotheker Dietmar Wolz e.K., Bahnhofstra\u00dfe 12, 87435 Kempten\nTel. 00 49 (0)8 31 \u2013 5 22 66 11, Fax 00 49 (0)8 31 \u2013 5 22 66 26, info@bahnhof \u00adapotheke.de, www.bahnhof \u00adapotheke.de\nHandelsregistereintrag: HRA 3179 (Amtsgericht Kempten (Allg\u00e4u)), Umsatzsteuer \u00adID: DE 128 776 506, \nAufsichtsbeh\u00f6rde: Kreisverwaltungsbeh\u00f6rde Kempten", "language": "PDF", "image": "PDF", "pagetype": "PDF", "links": "PDF"}