{"title": "Gesichtsreiniger", "author": null, "url": "https://www.rituals.com/de-de/beauty/hautpflege/gesichtsreiniger", "hostname": "rituals.com", "description": "Mit Rituals Pflegeprodukten f\u00fcr die Haut k\u00f6nnen Sie Ihr Gesicht reinigen und pflegen. Genie\u00dfen Sie das intensive Gef\u00fchl porentief gereinigter Haut.", "sitename": "Rituals", "date": "2023-01-01", "id": null, "license": null, "body": null, "comments": "", "commentsbody": null, "raw_text": null, "text": "-\n-\ncopThe Ritual of Namaste, Reinigungsschaum, 150 ml14,90 \u20acInkl. MwSt.150 ml (99,33 \u20ac / 1 l)Inkl. MwSt.150 ml (99,33 \u20ac / 1 l)\n[Alle Details zeigen](/de-de/the-ritual-of-namaste-gentle-cleansing-foam-1116395.html?source=cop&showbacklink=false)\n-\ncop\nPromotionsThe Ritual of Namaste, Feste Gesichtsreinigung, 100 gr12,90 \u20acInkl. MwSt.100 gr (129,00 \u20ac / 1 kg)Inkl. MwSt.100 gr (129,00 \u20ac / 1 kg)\n[Alle Details zeigen](/de-de/the-ritual-of-namaste-facial-cleansing-bar-1115512.html?source=cop&showbacklink=false)\n-\ncopThe Ritual of Namaste, Peeling, 75 ml14,90 \u20acInkl. MwSt.75 ml (198,67 \u20ac / 1 l)Inkl. MwSt.75 ml (198,67 \u20ac / 1 l)\n[Alle Details zeigen](/de-de/the-ritual-of-namaste-skin-brightening-face-exfoliator-1116411.html?source=cop&showbacklink=false)\n-\ncopThe Ritual of Namaste, Reinigungsschaum, 30 ml4,90 \u20acInkl. MwSt.30 ml (163,33 \u20ac / 1 l)Inkl. MwSt.30 ml (163,33 \u20ac / 1 l)\n[Alle Details zeigen](/de-de/the-ritual-of-namaste-velvety-smooth-cleansing-foam-30ml-1114622.html?source=cop&showbacklink=false)\n-\ncopThe Ritual of Namaste, Gesichtstoner, 250 ml14,90 \u20acInkl. MwSt.250 ml (59,60 \u20ac / 1 l)Inkl. MwSt.250 ml (59,60 \u20ac / 1 l)\n[Alle Details zeigen](/de-de/the-ritual-of-namaste-clarifying-facial-toner-1116391.html?source=cop&showbacklink=false)\n-\ncopThe Ritual of Namaste, Augen-Make-up Entferner, 150 ml13,90 \u20acInkl. MwSt.150 ml (92,67 \u20ac / 1 l)Inkl. MwSt.150 ml (92,67 \u20ac / 1 l)\n[Alle Details zeigen](/de-de/the-ritual-of-namaste-gentle-eye-make-up-remover-1116521.html?source=cop&showbacklink=false)\n-\ncopThe Ritual of Namaste, Augen-Make-up Entferner, 30 ml4,90 \u20acInkl. MwSt.30 ml (163,33 \u20ac / 1 l)Inkl. MwSt.30 ml (163,33 \u20ac / 1 l)\n[Alle Details zeigen](/de-de/the-ritual-of-namaste-gentle-eye-make-up-remover-30ml-1114643.html?source=cop&showbacklink=false)\n-\ncopThe Ritual of Namaste, Reiniger mit Gel-\u00d6l-Formel, 100 ml14,90 \u20acInkl. MwSt.100 ml (149,00 \u20ac / 1 l)Inkl. MwSt.100 ml (149,00 \u20ac / 1 l)\n[Alle Details zeigen](/de-de/the-ritual-of-namaste-cleansing-balm-1116392.html?source=cop&showbacklink=false)\n-\ncopThe Ritual of Namaste, Peeling, 30 ml6,90 \u20acInkl. MwSt.30 ml (230,00 \u20ac / 1 l)Inkl. MwSt.30 ml (230,00 \u20ac / 1 l)\n[Alle Details zeigen](/de-de/the-ritual-of-namaste-skin-brightening-face-exfoliator-30ml-1114630.html?source=cop&showbacklink=false)\n-\n-\ncopThe Ritual of Namaste, Mizellenwasser, 250 ml14,90 \u20acInkl. MwSt.250 ml (59,60 \u20ac / 1 l)Inkl. MwSt.250 ml (59,60 \u20ac / 1 l)\n[Alle Details zeigen](/de-de/the-ritual-of-namaste-micellar-water-1116407.html?source=cop&showbacklink=false)\n-\ncopThe Ritual of Namaste, Milder Reinigungsschaum, 125 ml14,90 \u20acInkl. MwSt.125 ml (119,20 \u20ac / 1 l)Inkl. MwSt.125 ml (119,20 \u20ac / 1 l)\n[Alle Details zeigen](/de-de/the-ritual-of-namaste-velvety-smooth-cleansing-foam-1116412.html?source=cop&showbacklink=false)\n-\n-\ncopHomme, reinigungsschaum, 150 ml12,90 \u20acInkl. MwSt.150 ml (86,00 \u20ac / 1 l)Inkl. MwSt.150 ml (86,00 \u20ac / 1 l)\n[Alle Details zeigen](/de-de/homme-face-cleansing-foam-1116301.html?source=cop&showbacklink=false)", "language": null, "image": null, "pagetype": "article", "links": ["#main", "https://www.rituals.com/de-de/mag", "https://www.rituals.com/de-de/sustainability.html", "https://www.rituals.com/de-de/faq-overview", "https://www.rituals.com/de-de/stores", "https://www.rituals.com/de-de/home", "/de-de/adventskalender.html", "https://www.rituals.com/de-de/collection-story-dragon.html", "https://www.rituals.com/de-de/geschenke/geschenksets", "https://www.rituals.com/de-de/home-kollektion/bad", "https://www.rituals.com/de-de/collection-story-hammam.html", "https://www.rituals.com/de-de/home-kollektion/bad/bad-accessoires", "https://www.rituals.com/de-de/geschenke/geschenksets/vorteilspakete", "https://www.rituals.com/de-de/koerper/koerperpflege/koerpermousse", "https://www.rituals.com/de-de/outlet", "https://www.rituals.com/de-de/koerper", "https://www.rituals.com/de-de/koerper/dusch-badeprodukte", "https://www.rituals.com/de-de/koerper/dusch-badeprodukte/duschgels", "https://www.rituals.com/de-de/koerper/dusch-badeprodukte/duschoele", "https://www.rituals.com/de-de/koerper/dusch-badeprodukte/the-clean-beauty-bar", "https://www.rituals.com/de-de/koerper/dusch-badeprodukte/koerperpeelings", "https://www.rituals.com/de-de/koerper/dusch-badeprodukte/badeprodukte", "https://www.rituals.com/de-de/koerper/koerperpflege", "https://www.rituals.com/de-de/koerper/koerperpflege/koerpercremes-oele", "https://www.rituals.com/de-de/koerper/koerperpflege/haar-koerpersprays", "https://www.rituals.com/de-de/koerper/koerperpflege/koerpermousse", "https://www.rituals.com/de-de/koerper/koerperpflege/deodorants", "https://www.rituals.com/de-de/koerper/koerperpflege/massageprodukte", "https://www.rituals.com/de-de/koerper/koerperpflege/babypflege", "https://www.rituals.com/de-de/beauty/sonnenschutz", "https://www.rituals.com/de-de/koerper/hand-fusspflege", "https://www.rituals.com/de-de/koerper/hand-fusspflege/handseifen", "https://www.rituals.com/de-de/koerper/hand-fusspflege/handpflege", "https://www.rituals.com/de-de/koerper/hand-fusspflege/handgels", "https://www.rituals.com/de-de/koerper/hand-fusspflege/fusspflege", "https://www.rituals.com/de-de/koerper/reisegroessen", "https://www.rituals.com/de-de/koerper/vorteilspakete", "https://www.rituals.com/de-de/outlet", "https://www.rituals.com/de-de/nachfuellen-wiederverwenden", "https://www.rituals.com/de-de/essentials", "https://www.rituals.com/de-de/bestseller", "https://www.rituals.com/de-de/online-exclusive", "https://www.rituals.com/de-de/home-kollektion", "https://www.rituals.com/de-de/home-kollektion/duftstaebchen", "https://www.rituals.com/de-de/home-kollektion/duftstaebchen/mini-duftstaebchen", "https://www.rituals.com/de-de/home-kollektion/duftstaebchen/klassische-duftstaebchen", "https://www.rituals.com/de-de/home-kollektion/duftstaebchen/luxurioese-duftstaebchen", "https://www.rituals.com/de-de/home-kollektion/duftstaebchen/personalisierbare-duftstaebchen", "https://www.rituals.com/de-de/home-kollektion/duftstaebchen/nachfuellduefte", "https://www.rituals.com/de-de/home-kollektion/duftstaebchen/vorteilspakete", "https://www.rituals.com/de-de/home-kollektion/duftkerzen", "https://www.rituals.com/de-de/home-kollektion/duftkerzen/klassische-duftkerzen", "https://www.rituals.com/de-de/home-kollektion/duftkerzen/luxurioese-duftkerzen", "https://www.rituals.com/de-de/home/duftkerzen/kerzenhalter", "https://www.rituals.com/de-de/home-kollektion/duftkerzen/duftteelichter", "https://www.rituals.com/de-de/home-kollektion/duftkerzen/xxl-duftkerzen", "https://www.rituals.com/de-de/home-kollektion/duftkerzen/erinnerungskerze", "https://www.rituals.com/de-de/home-kollektion/raumsprays", "https://www.rituals.com/de-de/home-kollektion/raumsprays/luxurioese-raumsprays", "https://www.rituals.com/de-de/home-kollektion/raumsprays/klassische-raumsprays", "https://www.rituals.com/de-de/home-kollektion/aroma-diffuser", "https://www.rituals.com/de-de/home-kollektion/aroma-diffuser/the-perfume-genie", "https://www.rituals.com/de-de/home-kollektion/aroma-diffuser/schlaf-diffuser", "https://www.rituals.com/de-de/perfumegenie-tool-start.html", "https://www.rituals.com/de-de/home-kollektion/bad", "https://www.rituals.com/de-de/home-kollektion/bad/bad-accessoires", "https://www.rituals.com/de-de/home-kollektion/bad/badematten", "https://www.rituals.com/de-de/home-kollektion/bad/bademaentel", "https://www.rituals.com/de-de/home-kollektion/bad/handtuecher", "https://www.rituals.com/de-de/home-kollektion/bad/kimonos", "https://www.rituals.com/de-de/home-kollektion/kleidung/waeschepflege", "https://www.rituals.com/de-de/home-kollektion/kueche", "https://www.rituals.com/de-de/home-kollektion/kueche/handseifen-handcreme", "https://www.rituals.com/de-de/home-kollektion/kueche/geschirrspuelmittel", "https://www.rituals.com/de-de/home-kollektion/kueche/tee", "https://www.rituals.com/de-de/home-kollektion/betttextilien", "https://www.rituals.com/de-de/home-kollektion/betttextilien/bettwaesche", "https://www.rituals.com/de-de/home-kollektion/betttextilien/spannbetttuecher", "https://www.rituals.com/de-de/home-kollektion/betttextilien/kopfkissenbezuege", "https://www.rituals.com/de-de/home-kollektion/betttextilien/bettueberwuerfe", "https://www.rituals.com/de-de/home-kollektion/bad/kimonos", "https://www.rituals.com/de-de/home-kollektion/kleidung/pyjamas", "https://www.rituals.com/de-de/home-kollektion/dekoration", "https://www.rituals.com/de-de/home-kollektion/dekoration/bettlaeufer", "https://www.rituals.com/de-de/home-kollektion/dekoration/kissen", "https://www.rituals.com/de-de/home-kollektion/dekoration/kissenbezuege", "https://www.rituals.com/de-de/home-kollektion/dekoration/schatztruhen", "https://www.rituals.com/de-de/home-kollektion/dekoration/schreibwaren", "https://www.rituals.com/de-de/home-kollektion/kleidung", "https://www.rituals.com/de-de/home-kollektion/kleidung/waeschepflege", "https://www.rituals.com/de-de/home-kollektion/kleidung/pyjamas", "https://www.rituals.com/de-de/home-kollektion/bad/bademaentel", "https://www.rituals.com/de-de/home-kollektion/bad/kimonos", "https://www.rituals.com/de-de/home-kollektion/kleidung/accessoires", "https://www.rituals.com/de-de/home-kollektion/kleidung/boxershorts", "https://www.rituals.com/de-de/home-kollektion/reise-auto", "https://www.rituals.com/de-de/home-kollektion/reise-auto/autoparfums", "https://www.rituals.com/de-de/home-kollektion/reise-auto/kosmetiktaschen", "https://www.rituals.com/de-de/koerper/reisegroessen", "https://www.rituals.com/de-de/home-kollektion/reise-auto/reisetasche", "https://www.rituals.com/de-de/home-kollektion/reise-auto/regenschirme", "https://www.rituals.com/de-de/outlet", "https://www.rituals.com/de-de/nachfuellen-wiederverwenden", "https://www.rituals.com/de-de/classic-home.html", "https://www.rituals.com/de-de/premium-collection.html", "https://www.rituals.com/de-de/essentials", "https://www.rituals.com/de-de/bestseller", "https://www.rituals.com/de-de/online-exclusive", "https://www.rituals.com/de-de/beauty", "https://www.rituals.com/de-de/beauty/hautpflege", "https://www.rituals.com/de-de/beauty/hautpflege/gesichtscreme", "https://www.rituals.com/de-de/beauty/hautpflege/gesichtsreiniger", "https://www.rituals.com/de-de/beauty/hautpflege/gesichtsseren", "https://www.rituals.com/de-de/beauty/hautpflege/gesichtsmasken-oele", "https://www.rituals.com/de-de/beauty/hautpflege/augencreme", "https://www.rituals.com/de-de/beauty/hautpflege/lippenpflege", "https://www.rituals.com/de-de/beauty/fuer-ihn/herren-gesichtspflege", "https://www.rituals.com/de-de/skincare-consultation-rituals.html", "https://www.rituals.com/de-de/beauty/supplements", "https://www.rituals.com/de-de/beauty/fuer-ihn", "https://www.rituals.com/de-de/beauty/fuer-ihn/herren-gesichtspflege", "https://www.rituals.com/de-de/beauty/fuer-ihn/bart", "https://www.rituals.com/de-de/beauty/fuer-ihn/rasur", "https://www.rituals.com/de-de/beauty/parfums", "https://www.rituals.com/de-de/beauty/parfums/frauenparfums", "https://www.rituals.com/de-de/beauty/parfums/maennerparfums", "https://www.rituals.com/de-de/beauty/parfums/mini-parfum", "https://www.rituals.com/de-de/fragrance-test-start.html", "https://www.rituals.com/de-de/beauty/haarpflege", "https://www.rituals.com/de-de/beauty/haarpflege/shampoo-conditioner", "https://www.rituals.com/de-de/beauty/haarpflege/pflege-styling", "https://www.rituals.com/de-de/quiz-start-hairtemple.html", "https://www.rituals.com/de-de/beauty/sonnenschutz", "https://www.rituals.com/de-de/beauty/make-up", "https://www.rituals.com/de-de/beauty/make-up/make-up-produkte", "https://www.rituals.com/de-de/beauty/make-up/make-up-entferner", "https://www.rituals.com/de-de/home-kollektion/reise-auto/kosmetiktaschen", "https://www.rituals.com/de-de/beauty/schmuck", "https://www.rituals.com/de-de/beauty/schmuck/armbaender", "https://www.rituals.com/de-de/beauty/schmuck/ohrringe", "https://www.rituals.com/de-de/beauty/schmuck/ringe", "https://www.rituals.com/de-de/beauty/schmuck/halsketten", "https://www.rituals.com/de-de/beauty/schmuck/schmuckkaestchen", "https://www.rituals.com/de-de/essentials", "https://www.rituals.com/de-de/online-exclusive", "https://www.rituals.com/de-de/nachfuellen-wiederverwenden", "https://www.rituals.com/de-de/geschenke", "https://www.rituals.com/de-de/geschenke/geschenksets/adventskalender", "https://www.rituals.com/de-de/geschenke/geschenksets", "https://www.rituals.com/de-de/geschenke/geschenksets/adventskalender", "https://www.rituals.com/de-de/geschenke/geschenksets/geschenksets-s", "https://www.rituals.com/de-de/geschenke/geschenksets/geschenksets-m", "https://www.rituals.com/de-de/geschenke/geschenksets/geschenksets-l", "https://www.rituals.com/de-de/geschenke/geschenksets/geschenksets-xl", "https://www.rituals.com/de-de/geschenke/geschenksets/vorteilspakete", "https://www.rituals.com/de-de/gift-cards.html", "https://www.rituals.com/de-de/geschenke/fuer-werdende-muetter", "/corporategifting/de-de/home", "https://www.rituals.com/de-de/outlet", "https://www.rituals.com/de-de/gift-ideas.html", "https://www.rituals.com/de-de/geschenke/geschenke-fuer-sie", "https://www.rituals.com/de-de/geschenke/geschenke-fuer-ihn", "https://www.rituals.com/de-de/geschenke/geschenke-fuer-zu-hause", "https://www.rituals.com/de-de/gifts-up-to-30", "https://www.rituals.com/de-de/geschenke/geschenke-beauty", "https://www.rituals.com/de-de/geschenke/geschenke-bad-und-koerper", "https://www.rituals.com/de-de/geschenke/geschenke-kerzen", "https://www.rituals.com/de-de/personalisieren", "https://www.rituals.com/de-de/personalisieren/duftstaebchen", "https://www.rituals.com/de-de/personalisieren/shampoo-conditioner", "https://www.rituals.com/de-de/gift-cards.html", "https://www.rituals.com/de-de/collection-story-dragon.html", "https://www.rituals.com/de-de/collection-story-amsterdam.html", "https://www.rituals.com/de-de/collection-story-themansioncollection.html", "https://www.rituals.com/de-de/collection-story-thesignaturecollection.html", "https://www.rituals.com/de-de/collection-story-privatecollection.html", "https://www.rituals.com/de-de/collection-story-karma.html", "https://www.rituals.com/de-de/collection-story-homme.html", "https://www.rituals.com/de-de/collection-story-sport.html", "https://www.rituals.com/de-de/collection-story-sakura.html", "https://www.rituals.com/de-de/collection-story-ayurveda.html", "https://www.rituals.com/de-de/collection-story-mehr.html", "https://www.rituals.com/de-de/collection-story-hammam.html", "https://www.rituals.com/de-de/collection-story-jing.html", "https://www.rituals.com/de-de/collection-story-iconiccollection.html", "https://www.rituals.com/de-de/collection-story-namaste.html", "https://www.rituals.com/de-de/collection-story-oudh.html", "https://www.rituals.com/de-de/collection-story-perfumegenie.html", "https://www.rituals.com/de-de/collection-story-cleopatra.html", "https://www.rituals.com/de-de/collection-story-tiny-rituals.html", "https://www.rituals.com/de-de/mag", "https://www.rituals.com/de-de/login", "https://www.rituals.com/de-de/sustainability.html", "https://www.rituals.com/de-de/faq-overview", "https://www.rituals.com/de-de/my-rituals.html", "https://www.rituals.com/de-de/app.html", "/de-de/adventskalender.html", "/de-de/adventskalender.html", "/de-de/adventskalender.html", "/de-de/adventskalender.html", "https://www.rituals.com/de-de/collection-story-dragon.html", "https://www.rituals.com/de-de/collection-story-dragon.html", "https://www.rituals.com/de-de/collection-story-dragon.html", "https://www.rituals.com/de-de/collection-story-dragon.html", "https://www.rituals.com/de-de/geschenke/geschenksets", "https://www.rituals.com/de-de/geschenke/geschenksets", "https://www.rituals.com/de-de/geschenke/geschenksets", "https://www.rituals.com/de-de/geschenke/geschenksets", "https://www.rituals.com/de-de/home-kollektion/bad", "https://www.rituals.com/de-de/home-kollektion/bad", "https://www.rituals.com/de-de/home-kollektion/bad", "https://www.rituals.com/de-de/home-kollektion/bad", "https://www.rituals.com/de-de/collection-story-hammam.html", "https://www.rituals.com/de-de/collection-story-hammam.html", "https://www.rituals.com/de-de/collection-story-hammam.html", "https://www.rituals.com/de-de/collection-story-hammam.html", "https://www.rituals.com/de-de/home-kollektion/bad/bad-accessoires", "https://www.rituals.com/de-de/home-kollektion/bad/bad-accessoires", "https://www.rituals.com/de-de/home-kollektion/bad/bad-accessoires", "https://www.rituals.com/de-de/home-kollektion/bad/bad-accessoires", "https://www.rituals.com/de-de/geschenke/geschenksets/vorteilspakete", "https://www.rituals.com/de-de/geschenke/geschenksets/vorteilspakete", "https://www.rituals.com/de-de/geschenke/geschenksets/vorteilspakete", "https://www.rituals.com/de-de/geschenke/geschenksets/vorteilspakete", "https://www.rituals.com/de-de/koerper/koerperpflege/koerpermousse", "https://www.rituals.com/de-de/koerper/koerperpflege/koerpermousse", "https://www.rituals.com/de-de/koerper/koerperpflege/koerpermousse", "https://www.rituals.com/de-de/koerper/koerperpflege/koerpermousse", "https://www.rituals.com/de-de/outlet", "https://www.rituals.com/de-de/outlet", "https://www.rituals.com/de-de/outlet", "https://www.rituals.com/de-de/outlet", "https://www.rituals.com/de-de/koerper", "https://www.rituals.com/de-de/koerper/dusch-badeprodukte", "https://www.rituals.com/de-de/koerper/dusch-badeprodukte", "https://www.rituals.com/de-de/koerper/dusch-badeprodukte/duschgels", "https://www.rituals.com/de-de/koerper/dusch-badeprodukte/duschgels", "https://www.rituals.com/de-de/koerper/dusch-badeprodukte/duschoele", "https://www.rituals.com/de-de/koerper/dusch-badeprodukte/duschoele", "https://www.rituals.com/de-de/koerper/dusch-badeprodukte/the-clean-beauty-bar", "https://www.rituals.com/de-de/koerper/dusch-badeprodukte/the-clean-beauty-bar", "https://www.rituals.com/de-de/koerper/dusch-badeprodukte/koerperpeelings", "https://www.rituals.com/de-de/koerper/dusch-badeprodukte/koerperpeelings", "https://www.rituals.com/de-de/koerper/dusch-badeprodukte/badeprodukte", "https://www.rituals.com/de-de/koerper/dusch-badeprodukte/badeprodukte", "https://www.rituals.com/de-de/koerper/koerperpflege", "https://www.rituals.com/de-de/koerper/koerperpflege", "https://www.rituals.com/de-de/koerper/koerperpflege/koerpercremes-oele", "https://www.rituals.com/de-de/koerper/koerperpflege/koerpercremes-oele", "https://www.rituals.com/de-de/koerper/koerperpflege/haar-koerpersprays", "https://www.rituals.com/de-de/koerper/koerperpflege/haar-koerpersprays", "https://www.rituals.com/de-de/koerper/koerperpflege/koerpermousse", "https://www.rituals.com/de-de/koerper/koerperpflege/koerpermousse", "https://www.rituals.com/de-de/koerper/koerperpflege/deodorants", "https://www.rituals.com/de-de/koerper/koerperpflege/deodorants", "https://www.rituals.com/de-de/koerper/koerperpflege/massageprodukte", "https://www.rituals.com/de-de/koerper/koerperpflege/massageprodukte", "https://www.rituals.com/de-de/koerper/koerperpflege/babypflege", "https://www.rituals.com/de-de/koerper/koerperpflege/babypflege", "https://www.rituals.com/de-de/beauty/sonnenschutz", "https://www.rituals.com/de-de/beauty/sonnenschutz", "https://www.rituals.com/de-de/koerper/hand-fusspflege", "https://www.rituals.com/de-de/koerper/hand-fusspflege", "https://www.rituals.com/de-de/koerper/hand-fusspflege/handseifen", "https://www.rituals.com/de-de/koerper/hand-fusspflege/handseifen", "https://www.rituals.com/de-de/koerper/hand-fusspflege/handpflege", "https://www.rituals.com/de-de/koerper/hand-fusspflege/handpflege", "https://www.rituals.com/de-de/koerper/hand-fusspflege/handgels", "https://www.rituals.com/de-de/koerper/hand-fusspflege/handgels", "https://www.rituals.com/de-de/koerper/hand-fusspflege/fusspflege", "https://www.rituals.com/de-de/koerper/hand-fusspflege/fusspflege", "https://www.rituals.com/de-de/koerper/reisegroessen", "https://www.rituals.com/de-de/koerper/reisegroessen", "https://www.rituals.com/de-de/koerper/reisegroessen", "https://www.rituals.com/de-de/koerper/reisegroessen", "https://www.rituals.com/de-de/koerper/vorteilspakete", "https://www.rituals.com/de-de/koerper/vorteilspakete", "https://www.rituals.com/de-de/koerper/vorteilspakete", "https://www.rituals.com/de-de/koerper/vorteilspakete", "https://www.rituals.com/de-de/outlet", "https://www.rituals.com/de-de/nachfuellen-wiederverwenden", "https://www.rituals.com/de-de/essentials", "https://www.rituals.com/de-de/bestseller", "https://www.rituals.com/de-de/online-exclusive", "https://www.rituals.com/de-de/home-kollektion", "https://www.rituals.com/de-de/home-kollektion/duftstaebchen", "https://www.rituals.com/de-de/home-kollektion/duftstaebchen", "https://www.rituals.com/de-de/home-kollektion/duftstaebchen/mini-duftstaebchen", "https://www.rituals.com/de-de/home-kollektion/duftstaebchen/mini-duftstaebchen", "https://www.rituals.com/de-de/home-kollektion/duftstaebchen/klassische-duftstaebchen", "https://www.rituals.com/de-de/home-kollektion/duftstaebchen/klassische-duftstaebchen", "https://www.rituals.com/de-de/home-kollektion/duftstaebchen/luxurioese-duftstaebchen", "https://www.rituals.com/de-de/home-kollektion/duftstaebchen/luxurioese-duftstaebchen", "https://www.rituals.com/de-de/home-kollektion/duftstaebchen/personalisierbare-duftstaebchen", "https://www.rituals.com/de-de/home-kollektion/duftstaebchen/personalisierbare-duftstaebchen", "https://www.rituals.com/de-de/home-kollektion/duftstaebchen/nachfuellduefte", "https://www.rituals.com/de-de/home-kollektion/duftstaebchen/nachfuellduefte", "https://www.rituals.com/de-de/home-kollektion/duftstaebchen/vorteilspakete", "https://www.rituals.com/de-de/home-kollektion/duftstaebchen/vorteilspakete", "https://www.rituals.com/de-de/home-kollektion/duftkerzen", "https://www.rituals.com/de-de/home-kollektion/duftkerzen", "https://www.rituals.com/de-de/home-kollektion/duftkerzen/klassische-duftkerzen", "https://www.rituals.com/de-de/home-kollektion/duftkerzen/klassische-duftkerzen", "https://www.rituals.com/de-de/home-kollektion/duftkerzen/luxurioese-duftkerzen", "https://www.rituals.com/de-de/home-kollektion/duftkerzen/luxurioese-duftkerzen", "https://www.rituals.com/de-de/home/duftkerzen/kerzenhalter", "https://www.rituals.com/de-de/home/duftkerzen/kerzenhalter", "https://www.rituals.com/de-de/home-kollektion/duftkerzen/duftteelichter", "https://www.rituals.com/de-de/home-kollektion/duftkerzen/duftteelichter", "https://www.rituals.com/de-de/home-kollektion/duftkerzen/xxl-duftkerzen", "https://www.rituals.com/de-de/home-kollektion/duftkerzen/xxl-duftkerzen", "https://www.rituals.com/de-de/home-kollektion/duftkerzen/erinnerungskerze", "https://www.rituals.com/de-de/home-kollektion/duftkerzen/erinnerungskerze", "https://www.rituals.com/de-de/home-kollektion/raumsprays", "https://www.rituals.com/de-de/home-kollektion/raumsprays", "https://www.rituals.com/de-de/home-kollektion/raumsprays/luxurioese-raumsprays", "https://www.rituals.com/de-de/home-kollektion/raumsprays/luxurioese-raumsprays", "https://www.rituals.com/de-de/home-kollektion/raumsprays/klassische-raumsprays", "https://www.rituals.com/de-de/home-kollektion/raumsprays/klassische-raumsprays", "https://www.rituals.com/de-de/home-kollektion/aroma-diffuser", "https://www.rituals.com/de-de/home-kollektion/aroma-diffuser", "https://www.rituals.com/de-de/home-kollektion/aroma-diffuser/the-perfume-genie", "https://www.rituals.com/de-de/home-kollektion/aroma-diffuser/the-perfume-genie", "https://www.rituals.com/de-de/home-kollektion/aroma-diffuser/schlaf-diffuser", "https://www.rituals.com/de-de/home-kollektion/aroma-diffuser/schlaf-diffuser", "https://www.rituals.com/de-de/perfumegenie-tool-start.html", "https://www.rituals.com/de-de/home-kollektion/bad", "https://www.rituals.com/de-de/home-kollektion/bad", "https://www.rituals.com/de-de/home-kollektion/bad/bad-accessoires", "https://www.rituals.com/de-de/home-kollektion/bad/bad-accessoires", "https://www.rituals.com/de-de/home-kollektion/bad/badematten", "https://www.rituals.com/de-de/home-kollektion/bad/badematten", "https://www.rituals.com/de-de/home-kollektion/bad/bademaentel", "https://www.rituals.com/de-de/home-kollektion/bad/bademaentel", "https://www.rituals.com/de-de/home-kollektion/bad/handtuecher", "https://www.rituals.com/de-de/home-kollektion/bad/handtuecher", "https://www.rituals.com/de-de/home-kollektion/bad/kimonos", "https://www.rituals.com/de-de/home-kollektion/bad/kimonos", "https://www.rituals.com/de-de/home-kollektion/kleidung/waeschepflege", "https://www.rituals.com/de-de/home-kollektion/kleidung/waeschepflege", "https://www.rituals.com/de-de/home-kollektion/kueche", "https://www.rituals.com/de-de/home-kollektion/kueche", "https://www.rituals.com/de-de/home-kollektion/kueche/handseifen-handcreme", "https://www.rituals.com/de-de/home-kollektion/kueche/handseifen-handcreme", "https://www.rituals.com/de-de/home-kollektion/kueche/geschirrspuelmittel", "https://www.rituals.com/de-de/home-kollektion/kueche/geschirrspuelmittel", "https://www.rituals.com/de-de/home-kollektion/kueche/tee", "https://www.rituals.com/de-de/home-kollektion/kueche/tee", "https://www.rituals.com/de-de/home-kollektion/betttextilien", "https://www.rituals.com/de-de/home-kollektion/betttextilien", "https://www.rituals.com/de-de/home-kollektion/betttextilien/bettwaesche", "https://www.rituals.com/de-de/home-kollektion/betttextilien/bettwaesche", "https://www.rituals.com/de-de/home-kollektion/betttextilien/spannbetttuecher", "https://www.rituals.com/de-de/home-kollektion/betttextilien/spannbetttuecher", "https://www.rituals.com/de-de/home-kollektion/betttextilien/kopfkissenbezuege", "https://www.rituals.com/de-de/home-kollektion/betttextilien/kopfkissenbezuege", "https://www.rituals.com/de-de/home-kollektion/betttextilien/bettueberwuerfe", "https://www.rituals.com/de-de/home-kollektion/betttextilien/bettueberwuerfe", "https://www.rituals.com/de-de/home-kollektion/bad/kimonos", "https://www.rituals.com/de-de/home-kollektion/bad/kimonos", "https://www.rituals.com/de-de/home-kollektion/kleidung/pyjamas", "https://www.rituals.com/de-de/home-kollektion/kleidung/pyjamas", "https://www.rituals.com/de-de/home-kollektion/dekoration", "https://www.rituals.com/de-de/home-kollektion/dekoration", "https://www.rituals.com/de-de/home-kollektion/dekoration/bettlaeufer", "https://www.rituals.com/de-de/home-kollektion/dekoration/bettlaeufer", "https://www.rituals.com/de-de/home-kollektion/dekoration/kissen", "https://www.rituals.com/de-de/home-kollektion/dekoration/kissen", "https://www.rituals.com/de-de/home-kollektion/dekoration/kissenbezuege", "https://www.rituals.com/de-de/home-kollektion/dekoration/kissenbezuege", "https://www.rituals.com/de-de/home-kollektion/dekoration/schatztruhen", "https://www.rituals.com/de-de/home-kollektion/dekoration/schatztruhen", "https://www.rituals.com/de-de/home-kollektion/dekoration/schreibwaren", "https://www.rituals.com/de-de/home-kollektion/dekoration/schreibwaren", "https://www.rituals.com/de-de/home-kollektion/kleidung", "https://www.rituals.com/de-de/home-kollektion/kleidung", "https://www.rituals.com/de-de/home-kollektion/kleidung/waeschepflege", "https://www.rituals.com/de-de/home-kollektion/kleidung/waeschepflege", "https://www.rituals.com/de-de/home-kollektion/kleidung/pyjamas", "https://www.rituals.com/de-de/home-kollektion/kleidung/pyjamas", "https://www.rituals.com/de-de/home-kollektion/bad/bademaentel", "https://www.rituals.com/de-de/home-kollektion/bad/bademaentel", "https://www.rituals.com/de-de/home-kollektion/bad/kimonos", "https://www.rituals.com/de-de/home-kollektion/bad/kimonos", "https://www.rituals.com/de-de/home-kollektion/kleidung/accessoires", "https://www.rituals.com/de-de/home-kollektion/kleidung/accessoires", "https://www.rituals.com/de-de/home-kollektion/kleidung/boxershorts", "https://www.rituals.com/de-de/home-kollektion/kleidung/boxershorts", "https://www.rituals.com/de-de/home-kollektion/reise-auto", "https://www.rituals.com/de-de/home-kollektion/reise-auto", "https://www.rituals.com/de-de/home-kollektion/reise-auto/autoparfums", "https://www.rituals.com/de-de/home-kollektion/reise-auto/autoparfums", "https://www.rituals.com/de-de/home-kollektion/reise-auto/kosmetiktaschen", "https://www.rituals.com/de-de/home-kollektion/reise-auto/kosmetiktaschen", "https://www.rituals.com/de-de/koerper/reisegroessen", "https://www.rituals.com/de-de/koerper/reisegroessen", "https://www.rituals.com/de-de/home-kollektion/reise-auto/reisetasche", "https://www.rituals.com/de-de/home-kollektion/reise-auto/reisetasche", "https://www.rituals.com/de-de/home-kollektion/reise-auto/regenschirme", "https://www.rituals.com/de-de/home-kollektion/reise-auto/regenschirme", "https://www.rituals.com/de-de/outlet", "https://www.rituals.com/de-de/nachfuellen-wiederverwenden", "https://www.rituals.com/de-de/classic-home.html", "https://www.rituals.com/de-de/premium-collection.html", "https://www.rituals.com/de-de/essentials", "https://www.rituals.com/de-de/bestseller", "https://www.rituals.com/de-de/online-exclusive", "https://www.rituals.com/de-de/beauty", "https://www.rituals.com/de-de/beauty/hautpflege", "https://www.rituals.com/de-de/beauty/hautpflege", "https://www.rituals.com/de-de/beauty/hautpflege/gesichtscreme", "https://www.rituals.com/de-de/beauty/hautpflege/gesichtscreme", "https://www.rituals.com/de-de/beauty/hautpflege/gesichtsreiniger", "https://www.rituals.com/de-de/beauty/hautpflege/gesichtsreiniger", "https://www.rituals.com/de-de/beauty/hautpflege/gesichtsseren", "https://www.rituals.com/de-de/beauty/hautpflege/gesichtsseren", "https://www.rituals.com/de-de/beauty/hautpflege/gesichtsmasken-oele", "https://www.rituals.com/de-de/beauty/hautpflege/gesichtsmasken-oele", "https://www.rituals.com/de-de/beauty/hautpflege/augencreme", "https://www.rituals.com/de-de/beauty/hautpflege/augencreme", "https://www.rituals.com/de-de/beauty/hautpflege/lippenpflege", "https://www.rituals.com/de-de/beauty/hautpflege/lippenpflege", "https://www.rituals.com/de-de/beauty/fuer-ihn/herren-gesichtspflege", "https://www.rituals.com/de-de/beauty/fuer-ihn/herren-gesichtspflege", "https://www.rituals.com/de-de/skincare-consultation-rituals.html", "https://www.rituals.com/de-de/beauty/supplements", "https://www.rituals.com/de-de/beauty/supplements", "https://www.rituals.com/de-de/beauty/supplements", "https://www.rituals.com/de-de/beauty/supplements", "https://www.rituals.com/de-de/beauty/fuer-ihn", "https://www.rituals.com/de-de/beauty/fuer-ihn", "https://www.rituals.com/de-de/beauty/fuer-ihn/herren-gesichtspflege", "https://www.rituals.com/de-de/beauty/fuer-ihn/herren-gesichtspflege", "https://www.rituals.com/de-de/beauty/fuer-ihn/bart", "https://www.rituals.com/de-de/beauty/fuer-ihn/bart", "https://www.rituals.com/de-de/beauty/fuer-ihn/rasur", "https://www.rituals.com/de-de/beauty/fuer-ihn/rasur", "https://www.rituals.com/de-de/beauty/parfums", "https://www.rituals.com/de-de/beauty/parfums", "https://www.rituals.com/de-de/beauty/parfums/frauenparfums", "https://www.rituals.com/de-de/beauty/parfums/frauenparfums", "https://www.rituals.com/de-de/beauty/parfums/maennerparfums", "https://www.rituals.com/de-de/beauty/parfums/maennerparfums", "https://www.rituals.com/de-de/beauty/parfums/mini-parfum", "https://www.rituals.com/de-de/beauty/parfums/mini-parfum", "https://www.rituals.com/de-de/fragrance-test-start.html", "https://www.rituals.com/de-de/beauty/haarpflege", "https://www.rituals.com/de-de/beauty/haarpflege", "https://www.rituals.com/de-de/beauty/haarpflege/shampoo-conditioner", "https://www.rituals.com/de-de/beauty/haarpflege/shampoo-conditioner", "https://www.rituals.com/de-de/beauty/haarpflege/pflege-styling", "https://www.rituals.com/de-de/beauty/haarpflege/pflege-styling", "https://www.rituals.com/de-de/quiz-start-hairtemple.html", "https://www.rituals.com/de-de/beauty/sonnenschutz", "https://www.rituals.com/de-de/beauty/sonnenschutz", "https://www.rituals.com/de-de/beauty/sonnenschutz", "https://www.rituals.com/de-de/beauty/sonnenschutz", "https://www.rituals.com/de-de/beauty/make-up", "https://www.rituals.com/de-de/beauty/make-up", "https://www.rituals.com/de-de/beauty/make-up/make-up-produkte", "https://www.rituals.com/de-de/beauty/make-up/make-up-produkte", "https://www.rituals.com/de-de/beauty/make-up/make-up-entferner", "https://www.rituals.com/de-de/beauty/make-up/make-up-entferner", "https://www.rituals.com/de-de/home-kollektion/reise-auto/kosmetiktaschen", "https://www.rituals.com/de-de/home-kollektion/reise-auto/kosmetiktaschen", "https://www.rituals.com/de-de/beauty/schmuck", "https://www.rituals.com/de-de/beauty/schmuck", "https://www.rituals.com/de-de/beauty/schmuck/armbaender", "https://www.rituals.com/de-de/beauty/schmuck/armbaender", "https://www.rituals.com/de-de/beauty/schmuck/ohrringe", "https://www.rituals.com/de-de/beauty/schmuck/ohrringe", "https://www.rituals.com/de-de/beauty/schmuck/ringe", "https://www.rituals.com/de-de/beauty/schmuck/ringe", "https://www.rituals.com/de-de/beauty/schmuck/halsketten", "https://www.rituals.com/de-de/beauty/schmuck/halsketten", "https://www.rituals.com/de-de/beauty/schmuck/schmuckkaestchen", "https://www.rituals.com/de-de/beauty/schmuck/schmuckkaestchen", "https://www.rituals.com/de-de/essentials", "https://www.rituals.com/de-de/online-exclusive", "https://www.rituals.com/de-de/nachfuellen-wiederverwenden", "https://www.rituals.com/de-de/geschenke", "https://www.rituals.com/de-de/geschenke/geschenksets/adventskalender", "https://www.rituals.com/de-de/geschenke/geschenksets/adventskalender", "https://www.rituals.com/de-de/geschenke/geschenksets/adventskalender", "https://www.rituals.com/de-de/geschenke/geschenksets/adventskalender", "https://www.rituals.com/de-de/geschenke/geschenksets", "https://www.rituals.com/de-de/geschenke/geschenksets", "https://www.rituals.com/de-de/geschenke/geschenksets/adventskalender", "https://www.rituals.com/de-de/geschenke/geschenksets/adventskalender", "https://www.rituals.com/de-de/geschenke/geschenksets/geschenksets-s", "https://www.rituals.com/de-de/geschenke/geschenksets/geschenksets-s", "https://www.rituals.com/de-de/geschenke/geschenksets/geschenksets-m", "https://www.rituals.com/de-de/geschenke/geschenksets/geschenksets-m", "https://www.rituals.com/de-de/geschenke/geschenksets/geschenksets-l", "https://www.rituals.com/de-de/geschenke/geschenksets/geschenksets-l", "https://www.rituals.com/de-de/geschenke/geschenksets/geschenksets-xl", "https://www.rituals.com/de-de/geschenke/geschenksets/geschenksets-xl", "https://www.rituals.com/de-de/geschenke/geschenksets/vorteilspakete", "https://www.rituals.com/de-de/geschenke/geschenksets/vorteilspakete", "https://www.rituals.com/de-de/gift-cards.html", "https://www.rituals.com/de-de/gift-cards.html", "https://www.rituals.com/de-de/gift-cards.html", "https://www.rituals.com/de-de/gift-cards.html", "https://www.rituals.com/de-de/geschenke/fuer-werdende-muetter", "https://www.rituals.com/de-de/geschenke/fuer-werdende-muetter", "https://www.rituals.com/de-de/geschenke/fuer-werdende-muetter", "https://www.rituals.com/de-de/geschenke/fuer-werdende-muetter", "/corporategifting/de-de/home", "/corporategifting/de-de/home", "/corporategifting/de-de/home", "/corporategifting/de-de/home", "https://www.rituals.com/de-de/outlet", "https://www.rituals.com/de-de/gift-ideas.html", "https://www.rituals.com/de-de/geschenke/geschenke-fuer-sie", "https://www.rituals.com/de-de/geschenke/geschenke-fuer-ihn", "https://www.rituals.com/de-de/geschenke/geschenke-fuer-zu-hause", "https://www.rituals.com/de-de/gifts-up-to-30", "https://www.rituals.com/de-de/geschenke/geschenke-beauty", "https://www.rituals.com/de-de/geschenke/geschenke-bad-und-koerper", "https://www.rituals.com/de-de/geschenke/geschenke-kerzen", "https://www.rituals.com/de-de/personalisieren", "https://www.rituals.com/de-de/personalisieren/duftstaebchen", "https://www.rituals.com/de-de/personalisieren/duftstaebchen", "https://www.rituals.com/de-de/personalisieren/duftstaebchen", "https://www.rituals.com/de-de/personalisieren/duftstaebchen", "https://www.rituals.com/de-de/personalisieren/shampoo-conditioner", "https://www.rituals.com/de-de/personalisieren/shampoo-conditioner", "https://www.rituals.com/de-de/personalisieren/shampoo-conditioner", "https://www.rituals.com/de-de/personalisieren/shampoo-conditioner", "https://www.rituals.com/de-de/quiz-start-hairtemple.html", "https://www.rituals.com/de-de/gift-cards.html", "https://www.rituals.com/de-de/gift-cards.html", "https://www.rituals.com/de-de/gift-cards.html", "https://www.rituals.com/de-de/gift-cards.html", "https://www.rituals.com/de-de/collection-story-dragon.html", "https://www.rituals.com/de-de/collection-story-dragon.html", "https://www.rituals.com/de-de/collection-story-dragon.html", "https://www.rituals.com/de-de/collection-story-dragon.html", "https://www.rituals.com/de-de/collection-story-amsterdam.html", "https://www.rituals.com/de-de/collection-story-amsterdam.html", "https://www.rituals.com/de-de/collection-story-amsterdam.html", "https://www.rituals.com/de-de/collection-story-amsterdam.html", "https://www.rituals.com/de-de/collection-story-themansioncollection.html", "https://www.rituals.com/de-de/collection-story-themansioncollection.html", "https://www.rituals.com/de-de/collection-story-themansioncollection.html", "https://www.rituals.com/de-de/collection-story-themansioncollection.html", "https://www.rituals.com/de-de/collection-story-thesignaturecollection.html", "https://www.rituals.com/de-de/collection-story-thesignaturecollection.html", "https://www.rituals.com/de-de/collection-story-thesignaturecollection.html", "https://www.rituals.com/de-de/collection-story-thesignaturecollection.html", "https://www.rituals.com/de-de/collection-story-privatecollection.html", "https://www.rituals.com/de-de/collection-story-privatecollection.html", "https://www.rituals.com/de-de/collection-story-privatecollection.html", "https://www.rituals.com/de-de/collection-story-privatecollection.html", "https://www.rituals.com/de-de/collection-story-karma.html", "https://www.rituals.com/de-de/collection-story-karma.html", "https://www.rituals.com/de-de/collection-story-karma.html", "https://www.rituals.com/de-de/collection-story-karma.html", "https://www.rituals.com/de-de/collection-story-homme.html", "https://www.rituals.com/de-de/collection-story-homme.html", "https://www.rituals.com/de-de/collection-story-homme.html", "https://www.rituals.com/de-de/collection-story-homme.html", "https://www.rituals.com/de-de/collection-story-sport.html", "https://www.rituals.com/de-de/collection-story-sport.html", "https://www.rituals.com/de-de/collection-story-sport.html", "https://www.rituals.com/de-de/collection-story-sport.html", "https://www.rituals.com/de-de/collection-story-sakura.html", "https://www.rituals.com/de-de/collection-story-sakura.html", "https://www.rituals.com/de-de/collection-story-sakura.html", "https://www.rituals.com/de-de/collection-story-sakura.html", "https://www.rituals.com/de-de/collection-story-ayurveda.html", "https://www.rituals.com/de-de/collection-story-ayurveda.html", "https://www.rituals.com/de-de/collection-story-ayurveda.html", "https://www.rituals.com/de-de/collection-story-ayurveda.html", "https://www.rituals.com/de-de/collection-story-mehr.html", "https://www.rituals.com/de-de/collection-story-mehr.html", "https://www.rituals.com/de-de/collection-story-mehr.html", "https://www.rituals.com/de-de/collection-story-mehr.html", "https://www.rituals.com/de-de/collection-story-hammam.html", "https://www.rituals.com/de-de/collection-story-hammam.html", "https://www.rituals.com/de-de/collection-story-hammam.html", "https://www.rituals.com/de-de/collection-story-hammam.html", "https://www.rituals.com/de-de/collection-story-jing.html", "https://www.rituals.com/de-de/collection-story-jing.html", "https://www.rituals.com/de-de/collection-story-jing.html", "https://www.rituals.com/de-de/collection-story-jing.html", "https://www.rituals.com/de-de/collection-story-iconiccollection.html", "https://www.rituals.com/de-de/collection-story-iconiccollection.html", "https://www.rituals.com/de-de/collection-story-iconiccollection.html", "https://www.rituals.com/de-de/collection-story-iconiccollection.html", "https://www.rituals.com/de-de/collection-story-namaste.html", "https://www.rituals.com/de-de/collection-story-namaste.html", "https://www.rituals.com/de-de/collection-story-namaste.html", "https://www.rituals.com/de-de/collection-story-namaste.html", "https://www.rituals.com/de-de/collection-story-oudh.html", "https://www.rituals.com/de-de/collection-story-oudh.html", "https://www.rituals.com/de-de/collection-story-oudh.html", "https://www.rituals.com/de-de/collection-story-oudh.html", "https://www.rituals.com/de-de/collection-story-perfumegenie.html", "https://www.rituals.com/de-de/collection-story-perfumegenie.html", "https://www.rituals.com/de-de/collection-story-perfumegenie.html", "https://www.rituals.com/de-de/collection-story-perfumegenie.html", "https://www.rituals.com/de-de/collection-story-cleopatra.html", "https://www.rituals.com/de-de/collection-story-cleopatra.html", "https://www.rituals.com/de-de/collection-story-cleopatra.html", "https://www.rituals.com/de-de/collection-story-cleopatra.html", "https://www.rituals.com/de-de/collection-story-tiny-rituals.html", "https://www.rituals.com/de-de/collection-story-tiny-rituals.html", "https://www.rituals.com/de-de/collection-story-tiny-rituals.html", "https://www.rituals.com/de-de/collection-story-tiny-rituals.html", "", "https://www.rituals.com/de-de/collection-story-dragon.html", "https://www.rituals.com/de-de/geschenke/geschenksets/adventskalender", "https://www.rituals.com/de-de/koerper/hand-fusspflege/handseifen", "https://www.rituals.com/de-de/collection-story-hammam.html", "https://www.rituals.com/de-de/koerper/dusch-badeprodukte/the-clean-beauty-bar", "https://www.rituals.com/de-de/greatest-hits.html", "https://www.rituals.com/de-de/perfumegenie-tool-helpinstall-start.html", "https://www.rituals.com/de-de/account", "https://www.rituals.com/de-de/cart", "/de-de/beauty/hautpflege/gesichtsreiniger", "/de-de/beauty/hautpflege/gesichtsreiniger", "/de-de/beauty/hautpflege/gesichtsreiniger", "/de-de/beauty/hautpflege/gesichtsreiniger", "https://www.rituals.com/de-de/cart", "https://www.rituals.com/de-de/home", "https://www.rituals.com/de-de/beauty", "https://www.rituals.com/de-de/beauty/hautpflege", "https://www.rituals.com/de-de/beauty/hautpflege/gesichtsreiniger", "/de-de/beauty/hautpflege/gesichtsreiniger", "/de-de/beauty/hautpflege/gesichtsreiniger", "/de-de/beauty/hautpflege/gesichtsreiniger", "/de-de/beauty/hautpflege/gesichtsreiniger", "/on/demandware.store/Sites-DACH-Site/de_DE/Login-Gwp?gwpsource=cop", "/de-de/the-ritual-of-namaste-gentle-cleansing-foam-1116395.html?source=cop&showbacklink=false", "/de-de/the-ritual-of-namaste-gentle-cleansing-foam-1116395.html?source=cop&showbacklink=false", "javascript:void(0);", "/de-de/the-ritual-of-namaste-gentle-cleansing-foam-1116395.html?source=cop&showbacklink=false", "/de-de/the-ritual-of-namaste-facial-cleansing-bar-1115512.html?source=cop&showbacklink=false", "/de-de/the-ritual-of-namaste-facial-cleansing-bar-1115512.html?source=cop&showbacklink=false", "javascript:void(0);", "/de-de/the-ritual-of-namaste-facial-cleansing-bar-1115512.html?source=cop&showbacklink=false", "/de-de/the-ritual-of-namaste-skin-brightening-face-exfoliator-1116411.html?source=cop&showbacklink=false", "/de-de/the-ritual-of-namaste-skin-brightening-face-exfoliator-1116411.html?source=cop&showbacklink=false", "javascript:void(0);", "/de-de/the-ritual-of-namaste-skin-brightening-face-exfoliator-1116411.html?source=cop&showbacklink=false", "/de-de/the-ritual-of-namaste-velvety-smooth-cleansing-foam-30ml-1114622.html?source=cop&showbacklink=false", "/de-de/the-ritual-of-namaste-velvety-smooth-cleansing-foam-30ml-1114622.html?source=cop&showbacklink=false", "javascript:void(0);", "/de-de/the-ritual-of-namaste-velvety-smooth-cleansing-foam-30ml-1114622.html?source=cop&showbacklink=false", "/de-de/the-ritual-of-namaste-clarifying-facial-toner-1116391.html?source=cop&showbacklink=false", "/de-de/the-ritual-of-namaste-clarifying-facial-toner-1116391.html?source=cop&showbacklink=false", "javascript:void(0);", "/de-de/the-ritual-of-namaste-clarifying-facial-toner-1116391.html?source=cop&showbacklink=false", "/de-de/the-ritual-of-namaste-gentle-eye-make-up-remover-1116521.html?source=cop&showbacklink=false", "/de-de/the-ritual-of-namaste-gentle-eye-make-up-remover-1116521.html?source=cop&showbacklink=false", "javascript:void(0);", "/de-de/the-ritual-of-namaste-gentle-eye-make-up-remover-1116521.html?source=cop&showbacklink=false", "/de-de/the-ritual-of-namaste-gentle-eye-make-up-remover-30ml-1114643.html?source=cop&showbacklink=false", "/de-de/the-ritual-of-namaste-gentle-eye-make-up-remover-30ml-1114643.html?source=cop&showbacklink=false", "javascript:void(0);", "/de-de/the-ritual-of-namaste-gentle-eye-make-up-remover-30ml-1114643.html?source=cop&showbacklink=false", "/de-de/the-ritual-of-namaste-cleansing-balm-1116392.html?source=cop&showbacklink=false", "/de-de/the-ritual-of-namaste-cleansing-balm-1116392.html?source=cop&showbacklink=false", "javascript:void(0);", "/de-de/the-ritual-of-namaste-cleansing-balm-1116392.html?source=cop&showbacklink=false", "/de-de/the-ritual-of-namaste-skin-brightening-face-exfoliator-30ml-1114630.html?source=cop&showbacklink=false", "/de-de/the-ritual-of-namaste-skin-brightening-face-exfoliator-30ml-1114630.html?source=cop&showbacklink=false", "javascript:void(0);", "/de-de/the-ritual-of-namaste-skin-brightening-face-exfoliator-30ml-1114630.html?source=cop&showbacklink=false", "/de-de/the-ritual-of-namaste-micellar-water-1116407.html?source=cop&showbacklink=false", "/de-de/the-ritual-of-namaste-micellar-water-1116407.html?source=cop&showbacklink=false", "javascript:void(0);", "/de-de/the-ritual-of-namaste-micellar-water-1116407.html?source=cop&showbacklink=false", "/de-de/the-ritual-of-namaste-velvety-smooth-cleansing-foam-1116412.html?source=cop&showbacklink=false", "/de-de/the-ritual-of-namaste-velvety-smooth-cleansing-foam-1116412.html?source=cop&showbacklink=false", "javascript:void(0);", "/de-de/the-ritual-of-namaste-velvety-smooth-cleansing-foam-1116412.html?source=cop&showbacklink=false", "/de-de/homme-face-cleansing-foam-1116301.html?source=cop&showbacklink=false", "/de-de/homme-face-cleansing-foam-1116301.html?source=cop&showbacklink=false", "javascript:void(0);", "/de-de/homme-face-cleansing-foam-1116301.html?source=cop&showbacklink=false", "/de-de/beauty/make-up/make-up-produkte/wimperntusche", "/de-de/beauty", "/de-de/koerper/koerperpflege/koerpercremes-oele/koerperoel", "/de-de/koerper/hand-fusspflege/handseifen/nachfuellseife", "/de-de/beauty/make-up/make-up-entferner/cleanser", "/de-de/home-kollektion/bad/bademaentel", "/de-de/koerper/reisegroessen", "/de-de/beauty/make-up", "/de-de/beauty/fuer-ihn/herren-gesichtspflege", "/de-de/mothersday.html", "https://www.rituals.com/de-de/beauty/hautpflege", "https://www.rituals.com/de-de/beauty/hautpflege/gesichtsreiniger/cleanser", "https://www.rituals.com/de-de/beauty/hautpflege/gesichtsreiniger/exfoliator", "https://www.rituals.com/de-de/cart", "/de-de/privacy-policy.html", "javascript:;", "https://www.rituals.com/de-de/faq-overview", "https://www.rituals.com/de-de/faq-overview", "https://service.rituals.com/s/?language=de&country=DE", "https://www.rituals.com/de-de/cookie-policy.html", "", "https://www.rituals.com/de-de/privacy-policy.html", "https://www.rituals.com/de-de/rituals-house-rules.html", "https://www.rituals.com/de-de/stores", "https://www.rituals.com/de-de/hotels.html", "https://www.rituals.com/de-de/airports.html", "https://www.rituals.com/de-de/about-rituals.html", "https://www.rituals.com/de-de/clean-conscious-caring.html", "https://careers.rituals.com/de/de", "https://www.rituals.com/de-de/business.html", "https://www.rituals.com/de-de/affiliate-program.html", "https://www.rituals.com/de-de/public-relations.html", "https://www.rituals.com/corporategifting/de-de/home", "https://www.rituals.com/de-de/promotions", "https://www.rituals.com/de-de/app.html", "https://www.rituals.com/de-de/the-art-of-soulful-living.html", "https://www.rituals.com/de-de/experiences.html", "https://www.rituals.com/de-de/my-rituals.html", "https://www.rituals.com/de-de/outlet", "https://www.rituals.com/de-de/meaningful-moments.html", "https://www.rituals.com/de-de/adventskalender.html", "https://www.facebook.com/ritualscosmetics", "https://www.tiktok.com/@ritualscosmetics?lang=en", "http://pinterest.com/ritualsofficial/", "https://www.youtube.com/user/ritualscosmetics", "https://www.instagram.com/ritualscosmetics/", "javascript:void(0);", "https://www.facebook.com/ritualscosmetics", "https://www.tiktok.com/@ritualscosmetics?lang=en", "http://pinterest.com/ritualsofficial/", "https://www.youtube.com/user/ritualscosmetics", "https://www.instagram.com/ritualscosmetics/", "https://www.rituals.com/de-de/b-corp.html", "https://www.rituals.com/de-de/privacy-policy.html", "https://www.rituals.com/de-de/Impressum.html", "https://www.rituals.com/de-de/terms-and-conditions.html", "https://www.rituals.com/de-de/rituals-house-rules.html", "https://www.rituals.com/de-de/faq-overview"]}