{"title": "Hom\u00f6opathie", "author": null, "url": null, "hostname": null, "description": null, "sitename": "Apotheke Brome Brome", "date": "2023-01-01", "id": null, "license": null, "body": null, "comments": "", "commentsbody": null, "raw_text": null, "text": "Apotheke Brome\nHauptstr. 20\n38465 Brome\nTel: 05833335\nE-Mail: apotheke-brome@gmx.de\nStartseite\nRezept\nSortiment\nKonto\n0\nWarenkorb\nMen\u00fc\nMen\u00fc schlie\u00dfen\nShop/Reservierung\nProduktempfehlungen\nGutscheine\nAbnehmen\nDiabetes\nHom\u00f6opathie\nInfektionsschutz\nKosmetik & Pflege\nMedikamente\nMedizinprodukte / Wundversorgung\nNahrungserg\u00e4nzung & Vitalit\u00e4t\nSchwangerschaft & Kind\nTiermedizin\nZu Hause\nAlle Kategorien\nRezept einl\u00f6sen\nLeistungen\nE-Rezept\nKosmetiksortiment\nAlle Leistungen\nBeratung\n#### Beratungs/Gesundheitskampagnen ####\nProduktempfehlungen\nAktuelles\n#### Frequenzkampagnen ####\nGutscheine\nStellenangebote\n\u00dcber uns\nStellenangebote\nNotdienst\nKontakt & \u00d6ffnungszeiten\nAnmelden/Mein Konto\nTelefon\nE-Mail\nAnfahrt\nStartseite\nHom\u00f6opathie\nHom\u00f6opathie\nBachbl\u00fcten\nHom\u00f6opathische Einzelmittel\nHom\u00f6opathische Komplexmittel\nSch\u00fcssler Salze / Biochemie\nSpagyrik\nCarum Carvi Baby-K\u00fcmmelz\u00e4pfchen 10 ST\nP\u00e4dia GmbH\n9,45 \u20ac*\nEuphrasia Augentropfen 5X0.5 ML\nWALA Heilmittel GmbH\n6,95 \u20ac*\nGrundpreis: 2.780,00 \u20ac / l\nEuphrasia Augentropfen 30X0.5 ML\nWALA Heilmittel GmbH\n22,95 \u20ac*\nGrundpreis: 1.530,00 \u20ac / l\nVIBURCOL N 12 ST\nBiologische Heilmittel Heel GmbH\n11,95 \u20ac*\nOSANIT 7.5 G\nHERMES Arzneimittel GmbH\n11,45 \u20ac*\nGrundpreis: 1.526,67 \u20ac / kg\nCARTILAGO COMP 20 G\nWALA Heilmittel GmbH\n13,45 \u20ac*\nGrundpreis: 672,50 \u20ac / kg\nMeteoreisen Globuli velati 20 G\nWALA Heilmittel GmbH\n12,95 \u20ac*\nGrundpreis: 647,50 \u20ac / kg\nPlantago Hustensaft 90 ML\nWALA Heilmittel GmbH\n9,95 \u20ac*\nGrundpreis: 110,56 \u20ac / l\nInfludoron Streuk\u00fcgelchen 10 G\nWELEDA AG\n13,45 \u20ac*\nGrundpreis: 1.345,00 \u20ac / kg\nAgropyron Globuli velati 20 G\nWALA Heilmittel GmbH\n12,95 \u20ac*\nGrundpreis: 647,50 \u20ac / kg\nNeurexan 250 ST\nBiologische Heilmittel Heel GmbH\n61,95 \u20ac*\nMETAVIRULENT 50 ML\nmeta Fackler Arzneimittel GmbH\n14,95 \u20ac*\nGrundpreis: 299,00 \u20ac / l\nNeurexan 50 ST\nBiologische Heilmittel Heel GmbH\n15,95 \u20ac*\nBIOCHEMIE DHU 7 MAGNESIUM PHOSPHORICUM D 6 200 ST\nDHU-Arzneimittel GmbH & Co. KG\n11,45 \u20ac*\nAURUM/BELLADONNA COMP 20 G\nWALA Heilmittel GmbH\n12,95 \u20ac*\nGrundpreis: 647,50 \u20ac / kg\nHEKLA LAVA e lava D 6 80 ST\nDHU-Arzneimittel GmbH & Co. KG\n12,95 \u20ac*\nMeditonsin Tropfen 35 G\nMEDICE Arzneimittel P\u00fctter GmbH&Co.KG\n13,95 \u20ac*\nGrundpreis: 398,57 \u20ac / kg\nCalmedoron Streuk\u00fcgelchen 10 G\nWELEDA AG\n13,45 \u20ac*\nGrundpreis: 1.345,00 \u20ac / kg\nPH\u00d6NIX Thuja-Lachesis spag. 100 ML\nPH\u00d6NIX LABORATORIUM GmbH\n23,95 \u20ac*\nGrundpreis: 239,50 \u20ac / l\nARCHANGELICA COMP 20 G\nWALA Heilmittel GmbH\n12,95 \u20ac*\nGrundpreis: 647,50 \u20ac / kg\nBachbl\u00fcten Original Rescura Spray alkoholfrei 20 ML\nNelsons GmbH\n19,95 \u20ac*\nGrundpreis: 997,50 \u20ac / l\nSinusitis Hevert SL 40 ST\nHevert Arzneimittel GmbH & Co. KG\n12,45 \u20ac*\nARNICA D12 10 G\nDHU-Arzneimittel GmbH & Co. KG\n11,45 \u20ac*\nGrundpreis: 1.145,00 \u20ac / kg\nPH\u00d6NIX Solidago spag. 100 ML\nPH\u00d6NIX LABORATORIUM GmbH\n24,95 \u20ac*\nGrundpreis: 249,50 \u20ac / l\nTraumeel S 50 G\nBiologische Heilmittel Heel GmbH\n10,45 \u20ac*\nGrundpreis: 209,00 \u20ac / kg\nAURUM / Lavandula comp. 70 G\nWELEDA AG\n30,95 \u20ac*\nGrundpreis: 442,14 \u20ac / kg\nARGENTUM NITR D12 10 G\nDHU-Arzneimittel GmbH & Co. KG\n11,45 \u20ac*\nGrundpreis: 1.145,00 \u20ac / kg\nMeditonsin Tropfen 2X50 G\nMEDICE Arzneimittel P\u00fctter GmbH&Co.KG\n34,95 \u20ac*\nGrundpreis: 349,50 \u20ac / kg\nFORTAKEHL D 5 10 ML\nSANUM-KEHLBECK GmbH & Co. KG\n13,95 \u20ac*\nGrundpreis: 1.395,00 \u20ac / l\nOVARIA COMP 20 G\nWALA Heilmittel GmbH\n12,95 \u20ac*\nGrundpreis: 647,50 \u20ac / kg\nREGENAPLEX 200 A 15 ML\nREGENAPLEX GmbH\n15,95 \u20ac*\nGrundpreis: 1.063,33 \u20ac / l\nRestaxil 50 ML\nPharmaSGP GmbH\n45,95 \u20ac*\nGrundpreis: 919,00 \u20ac / l\nPH\u00d6NIX Urtica-Arsenicum spag. 50 ML\nPH\u00d6NIX LABORATORIUM GmbH\n15,95 \u20ac*\nGrundpreis: 319,00 \u20ac / l\nLymphomyosot N 100 ML\nBiologische Heilmittel Heel GmbH\n36,95 \u20ac*\nGrundpreis: 369,50 \u20ac / l\nPH\u00d6NIX Silybum spag. 100 ML\nPH\u00d6NIX LABORATORIUM GmbH\n23,95 \u20ac*\nGrundpreis: 239,50 \u20ac / l\nANGIN HEEL SD 50 ST\nBiologische Heilmittel Heel GmbH\n14,95 \u20ac*\nTRAUMEEL S 50 ST\nBiologische Heilmittel Heel GmbH\n14,95 \u20ac*\nAURUM/STIBIUM/HYOSCYAMUS 20 G\nWALA Heilmittel GmbH\n12,95 \u20ac*\nGrundpreis: 647,50 \u20ac / kg\nRestaxil 30 ML\nPharmaSGP GmbH\n29,95 \u20ac*\nGrundpreis: 998,33 \u20ac / l\nSTAPHISAGRIA D12 10 G\nDHU-Arzneimittel GmbH & Co. KG\n11,45 \u20ac*\nGrundpreis: 1.145,00 \u20ac / kg\nQUENTAKEHL D 5 10 ML\nSANUM-KEHLBECK GmbH & Co. KG\n13,95 \u20ac*\nGrundpreis: 1.395,00 \u20ac / l\nARNICA C30 10 G\nDHU-Arzneimittel GmbH & Co. KG\n11,95 \u20ac*\nGrundpreis: 1.195,00 \u20ac / kg\nGASTRICUMEEL 50 ST\nBiologische Heilmittel Heel GmbH\n14,95 \u20ac*\nCERES Crataegus Urt. 20 ML\nCERES Heilmittel GmbH\n26,95 \u20ac*\nGrundpreis: 1.347,50 \u20ac / l\nREGENAPLEX 67 15 ML\nREGENAPLEX GmbH\n15,95 \u20ac*\nGrundpreis: 1.063,33 \u20ac / l\nCHAMOMILLA D12 10 G\nDHU-Arzneimittel GmbH & Co. KG\n11,45 \u20ac*\nGrundpreis: 1.145,00 \u20ac / kg\nNeradin 20 ST\nPharmaSGP GmbH\n35,95 \u20ac*\nMeditonsin Globuli 8 G\nMEDICE Arzneimittel P\u00fctter GmbH&Co.KG\n14,95 \u20ac*\nGrundpreis: 1.868,75 \u20ac / kg\nKlosterfrau Allergin 50 ST\nMCM KLOSTERFRAU Vertr. GmbH\n12,45 \u20ac*\nKlimaktoplant N 100 ST\nDHU-Arzneimittel GmbH & Co. KG\n19,95 \u20ac*\nweiter\nF\u00fcr diese Funktion ben\u00f6tigen Sie ein aktuelles Betriebssystem (mind. Android 7 oder iOS/ipadOS 15)\nok verstanden", "language": null, "image": null, "pagetype": null, "links": ["https://www.apotheke-brome.de/#address-map", "tel:05833335", "mailto:apotheke-brome@gmx.de", "https://www.apotheke-brome.de/kontakt/#openings", "https://www.apotheke-brome.de/", "https://www.apotheke-brome.de/", "https://www.apotheke-brome.de/shop/rezept/", "https://www.apotheke-brome.de/anwendung/", "https://www.apotheke-brome.de/konto/", "https://www.apotheke-brome.de/warenkorb/", "#0", "https://www.apotheke-brome.de/anwendung/", "https://www.apotheke-brome.de/angebote/", "https://www.apotheke-brome.de/gutscheine/", "https://www.apotheke-brome.de/anwendung/1/", "https://www.apotheke-brome.de/anwendung/135/", "https://www.apotheke-brome.de/anwendung/14/", "https://www.apotheke-brome.de/anwendung/1137/", "https://www.apotheke-brome.de/anwendung/141/", "https://www.apotheke-brome.de/anwendung/128/", "https://www.apotheke-brome.de/anwendung/166/", "https://www.apotheke-brome.de/anwendung/125/", "https://www.apotheke-brome.de/anwendung/21/", "https://www.apotheke-brome.de/anwendung/146/", "https://www.apotheke-brome.de/anwendung/615/", "https://www.apotheke-brome.de/anwendung/", "https://www.apotheke-brome.de/shop/rezept/", "https://www.apotheke-brome.de/leistungen/", "https://www.apotheke-brome.de/leistungen/erezept/", "https://www.apotheke-brome.de/leistungen/kosmetiksortiment/", "https://www.apotheke-brome.de/leistungen/", "https://www.apotheke-brome.de/angebote/", "https://www.apotheke-brome.de/gutscheine/", "https://www.apotheke-brome.de/stellenangebote/", "https://www.apotheke-brome.de/unsere_apotheke/", "https://www.apotheke-brome.de/stellenangebote/", "https://www.aponet.de/service/notdienstapotheke-finden/suchergebnis/0/38465.html", "https://www.apotheke-brome.de/kontakt/", "https://www.apotheke-brome.de/konto/", "tel:05833335", "mailto:apotheke-brome@gmx.de", "https://www.apotheke-brome.de/kontakt/#address-map", "https://www.apotheke-brome.de/", "https://www.apotheke-brome.de/anwendung/127/", "https://www.apotheke-brome.de/anwendung/138/", "https://www.apotheke-brome.de/anwendung/139/", "https://www.apotheke-brome.de/anwendung/126/", "https://www.apotheke-brome.de/anwendung/804/", "https://www.apotheke-brome.de/produkt/13229431/", "https://www.apotheke-brome.de/produkt/01448174/", "https://www.apotheke-brome.de/produkt/01448168/", "https://www.apotheke-brome.de/produkt/00676387/", "https://www.apotheke-brome.de/produkt/01296824/", "https://www.apotheke-brome.de/produkt/08784923/", "https://www.apotheke-brome.de/produkt/01448352/", "https://www.apotheke-brome.de/produkt/01448435/", "https://www.apotheke-brome.de/produkt/09647424/", "https://www.apotheke-brome.de/produkt/01447861/", "https://www.apotheke-brome.de/produkt/04115289/", "https://www.apotheke-brome.de/produkt/01358241/", "https://www.apotheke-brome.de/produkt/04143009/", "https://www.apotheke-brome.de/produkt/02580697/", "https://www.apotheke-brome.de/produkt/08784225/", "https://www.apotheke-brome.de/produkt/11111613/", "https://www.apotheke-brome.de/produkt/10192710/", "https://www.apotheke-brome.de/produkt/09605236/", "https://www.apotheke-brome.de/produkt/04223895/", "https://www.apotheke-brome.de/produkt/08783697/", "https://www.apotheke-brome.de/produkt/16391793/", "https://www.apotheke-brome.de/produkt/02784980/", "https://www.apotheke-brome.de/produkt/02110230/", "https://www.apotheke-brome.de/produkt/04223731/", "https://www.apotheke-brome.de/produkt/01288865/", "https://www.apotheke-brome.de/produkt/05486674/", "https://www.apotheke-brome.de/produkt/02801023/", "https://www.apotheke-brome.de/produkt/10192733/", "https://www.apotheke-brome.de/produkt/03207173/", "https://www.apotheke-brome.de/produkt/08786879/", "https://www.apotheke-brome.de/produkt/02643765/", "https://www.apotheke-brome.de/produkt/11222324/", "https://www.apotheke-brome.de/produkt/04223949/", "https://www.apotheke-brome.de/produkt/01674634/", "https://www.apotheke-brome.de/produkt/04223719/", "https://www.apotheke-brome.de/produkt/08412268/", "https://www.apotheke-brome.de/produkt/03515288/", "https://www.apotheke-brome.de/produkt/08784260/", "https://www.apotheke-brome.de/produkt/12895108/", "https://www.apotheke-brome.de/produkt/02890481/", "https://www.apotheke-brome.de/produkt/03207227/", "https://www.apotheke-brome.de/produkt/02801069/", "https://www.apotheke-brome.de/produkt/00407635/", "https://www.apotheke-brome.de/produkt/00178815/", "https://www.apotheke-brome.de/produkt/02643216/", "https://www.apotheke-brome.de/produkt/01764900/", "https://www.apotheke-brome.de/produkt/11024340/", "https://www.apotheke-brome.de/produkt/11484834/", "https://www.apotheke-brome.de/produkt/05961218/", "https://www.apotheke-brome.de/produkt/04187656/", "?p=2", "https://www.apotheke-brome.de/angebote/", "https://www.apotheke-brome.de/gutscheine/", "https://www.apotheke-brome.de/shop/rezept/", "https://www.apotheke-brome.de/kontakt#openings", "https://www.aponet.de/service/notdienstapotheke-finden/suchergebnis/0/38465.html", "https://www.apotheke-brome.de/kontakt", "https://www.apotheke-brome.de/leistungen/", "https://www.apotheke-brome.de/stellenangebote/", "https://www.apotheke-brome.de/info/impressum/", "https://www.apotheke-brome.de/info/datenschutz/", "https://www.apotheke-brome.de/info/bildnachweis/", "https://www.apotheke-brome.de/info/zahlung/", "https://www.apotheke-brome.de/info/versandkosten/", "https://www.apotheke-brome.de/info/agb/", "https://www.apotheke-brome.de/info/agb/#para11", "mailto:apotheke-brome@gmx.de", "tel:05833335"]}