{"title": "Medikamente gegen die laufende Nase", "author": null, "url": "https://www.besamex.de/kategorie/krankheiten/allergie-heuschnupfen/laufende-nase.html", "hostname": "besamex.de", "description": "Mittel gegen Flie\u00dfschnupfen \u2713 Abschwellung und Linderung f\u00fcr die Nase \u25ba Jetzt bequem in Ihrer Online Apotheke bestellen!", "sitename": "besamex.de", "date": "2022-11-01", "id": null, "license": null, "body": null, "comments": "", "commentsbody": null, "raw_text": null, "text": "- 17% 3 sofort lieferbar EUCERIN AtopiControl Lotion 400 ml Nur solange Vorrat reicht & nur im Shop: EUCERIN AtopiControl Lotion 400 ml + gratis EUCERIN AtopiControl Probierset. Anbieter: Beiersdorf AG Eucerin Art.-Nr.: 08454700 Grundpreis: 51,88 \u20ac pro 1 l UVP 25,25 \u20ac 2 20,75 \u20ac 4 - 30% 3 sofort lieferbar VOLTAREN Schmerzgel forte 23,2 mg/g* 120 g 20 g gratis im Vergleich zur 100 g Packungsgr\u00f6\u00dfe. Voltaren Schmerzgel forte 23,2 mg/g lindert Gelenkschmerzen (infolge eines stumpfen Traumas z. B. Sport- und Unfallverletzungen) bis zu 12 Stunden lang \u2013 direkt an der betroffenen Stelle! Anbieter: GlaxoSmithKline Consumer Healthcare Art.-Nr.: 15387571 Grundpreis: 126,58 \u20ac pro 1 kg AVP 21,98 \u20ac 1 15,19 \u20ac 4 - 22% 3 sofort lieferbar EUCERIN UreaRepair PLUS Fu\u00dfcreme 10% 100 ml Nur solange Vorrat reicht & nur im Shop: EUCERIN UreaRepair PLUS Fu\u00dfcreme 10% 100 ml + gratis EUCERIN UreaRepair PLUS Lotion 10% 100 ml! Anbieter: Beiersdorf AG Eucerin Art.-Nr.: 11678047 Grundpreis: 115,50 \u20ac pro 1 l UVP 14,95 \u20ac 2 11,55 \u20ac 4 - 19% 3 sofort lieferbar AVENE XeraCalm A. D Creme 400 ml Nur solange Vorrat reicht & nur im Shop: AVENE XeraCalm A. D Creme 400 ml + gratis XeraCalm A. D Reinigungs\u00f6l 100 ml! Anbieter: PIERRE FABRE DERMO KOSMETIK GmbH Art.-Nr.: 13883722 Grundpreis: 57,90 \u20ac pro 1 l UVP 28,90 \u20ac 2 23,16 \u20ac 4 - 31% 3 sofort lieferbar MONAPAX Sirup* 250 ml Nur solange Vorrat reicht & nur im Shop: MONAPAX Sirup 250 ml + gratis Brotdose! Anbieter: MCM KLOSTERFRAU Vertr. GmbH Art.-Nr.: 17250072 Grundpreis: 58,84 \u20ac pro 1 l AVP 21,50 \u20ac 1 14,71 \u20ac 4 - 26% 3 sofort lieferbar HERZ INTAKT mit Kalium+Magnesium+B-Vitaminen Tabl. 180 St Nur solange Vorrat reicht & nur im Shop: HERZ INTAKT Tabletten 180 St. + gratis besavital Fruchtsaftb\u00e4rchen 100 g! Anbieter: Avitale GmbH Art.-Nr.: 18219331 Grundpreis: 167,09 \u20ac pro 1 kg UVP 26,95 \u20ac 2 19,85 \u20ac 4 - 17% 3 sofort lieferbar EUCERIN Anti-Pigment Tagespflege Creme LSF 30 50 ml Nur solange Vorrat reicht & nur im Shop: EUCERIN Anti Pigment Tag 50 ml + gratis EUCERIN Anti-Pigment Augenpflege Augenringe 5 ml! Anbieter: Beiersdorf AG Eucerin Art.-Nr.: 14163898 Grundpreis: 567,00 \u20ac pro 1 l UVP 34,45 \u20ac 2 28,35 \u20ac 4 - 29% 3 sofort lieferbar OYONO Nacht Tabletten 60 St Nur solange Vorrat reicht & nur im Shop: OYONO Nacht Tabletten 60 St + gratis Lavendel\u00f6l! Anbieter: MCM KLOSTERFRAU Vertr. GmbH Art.-Nr.: 17997902 Grundpreis: 346,39 \u20ac pro 1 kg UVP 29,95 \u20ac 2 21,22 \u20ac 4 - 4% 3 sofort lieferbar HANSAPLAST Set Erste-Hilfe 1 St In der wiederverwendbaren Erste-Hilfe-Box sind folgende Originalprodukte enthalten: Sensitive 20 Strips (PZN 16742749) Sensitive XL Pflaster (PZN 16760138) Wundspray 50 ml (PZN 17313387) Elastische Fixierbinde (PZN 16730640) Fixierpflaster Classic (PZN 04778067) Kompressen steril 2St (PZN 16739440) Anbieter: Beiersdorf AG Art.-Nr.: 18489680 UVP 14,95 \u20ac 2 14,34 \u20ac 4 - 23% 3 sofort lieferbar EUCERIN Anti-Age Hyaluron-Filler Nacht Tiegel 50 ml Nur solange Vorrat reicht & nur im Shop: EUCERIN Anti-Age Hyaluron-Filler Nacht Tiegel 50 ml + gratis EUCERIN Hyaluron-Filler Intensiv Maske 1 St.! Anbieter: Beiersdorf AG Eucerin Art.-Nr.: 04668723 Grundpreis: 539,00 \u20ac pro 1 l UVP 35,45 \u20ac 2 26,95 \u20ac 4 - 19% 3 sofort lieferbar EUCERIN DermoPure therapiebegl. Feuchtigkeitspflege 50 ml Nur solange Vorrat reicht & nur im Shop: EUCERIN DermoPure therapiebegl. Feuchtigkeitspflege 50 ml + gratis EUCERIN Sun Oil Control face LSF 50+ 20 ml! Anbieter: Beiersdorf AG Eucerin Art.-Nr.: 13235704 Grundpreis: 389,20 \u20ac pro 1 l UVP 24,25 \u20ac 2 19,46 \u20ac 4 - 29% 3 sofort lieferbar BASICA compact Tabletten 360 St Nur solange Vorrat reicht & nur im Shop: BASICA compact Tabletten 360 St. + gratis 120 St.! Anbieter: Protina Pharmazeutische GmbH Art.-Nr.: 04787669 Grundpreis: 186,45 \u20ac pro 1 kg UVP 39,95 \u20ac 2 27,99 \u20ac 4 - 26% 3 sofort lieferbar BASICA direkt basische Mikroperlen 80 St Nur solange Vorrat reicht & nur im Shop: BASICA direkt basische Mikroperlen 80 St. + gratis 30 St.! Anbieter: Protina Pharmazeutische GmbH Art.-Nr.: 12472514 Grundpreis: 1,56 \u20ac pro 1 kg UVP 37,95 \u20ac 2 27,99 \u20ac 4 - 27% 3 sofort lieferbar LADIVAL Kinder Sonnenschutz Spray LSF 50+ 200 ml Nur solange Vorrat reicht & nur im Shop: LADIVAL Kinder Sonnenschutz Spray LSF 50+ 200 ml + gratis LADIVAL Sandkastenf\u00f6rmchen! Anbieter: STADA Consumer Health Deutschland GmbH Art.-Nr.: 14405835 Grundpreis: 89,85 \u20ac pro 1 l UVP 24,94 \u20ac 2 17,97 \u20ac 4 - 27% 3 sofort lieferbar LOCERYL Nagellack gegen Nagelpilz DIREKT-Applikat.* 5 ml Nur solange Vorrat reicht & nur im Shop: LOCERYL Nagellack gegen Nagelpilz DIREKT-Applikat. 5 ml + gratis Nagellack! Anbieter: Galderma Laboratorium GmbH Art.-Nr.: 11286181 Grundpreis: 8.306,00 \u20ac pro 1 l AVP 56,98 \u20ac 1 41,53 \u20ac 4 Wie d\u00fcrfen wir Ihnen helfen? Unsere aktuellen Angebote Unser Themenshop Unsere Markenshops Bonuspunkte Unser Magazin Kontakt Laufende Nase Filtern & Sortieren Sortierung: Relevanz Verf\u00fcgbarkeit Aufsteigend Verf\u00fcgbarkeit Absteigend Artikelname A-Z Artikelname Z-A Preis Aufsteigend Preis Absteigend Hersteller A-Z Hersteller Z-A anwenden zur\u00fccksetzen Artikel pro Seite: 10 20 50 100 anwenden zur\u00fccksetzen Rezeptpflicht nein anwenden zur\u00fccksetzen Hersteller A. Nattermann & Cie GmbH ABOCA S.P.A. SOCIETA' AGRICOLA AbZ Pharma GmbH ALIUD Pharma GmbH Alliance Healthcare Deutschland GmbH Aristo Pharma GmbH axicorp Pharma GmbH betapharm Arzneimittel GmbH Biologische Heilmittel Heel GmbH Cerascreen GmbH DERMAPHARM AG Dr. Gerhard Mann Chem.-pharm.Fabrik GmbH GlaxoSmithKline Consumer Healthcare HERMES Arzneimittel GmbH HEUMANN PHARMA GmbH & Co. Generica KG Hevert-Arzneimittel GmbH & Co. KG HEXAL AG Johnson & Johnson GmbH (OTC) Prodeco Pharma Deutschland GmbH Queisser Pharma GmbH & Co. KG ratiopharm GmbH Recordati Pharma GmbH Sidroga Gesellschaft f\u00fcr Gesundheitsprodukte mbH STADA Consumer Health Deutschland GmbH TAD Pharma GmbH URSAPHARM Arzneimittel GmbH Viatris Healthcare GmbH WEBER & WEBER GmbH WELEDA AG WICK Pharma - Zweigniederlassung der Procter & Gamble GmbH Zentiva Pharma GmbH anwenden () zur\u00fccksetzen Darreichungsform Dosierspray Filmtabletten Gel Globuli Kapseln Kombipackung L\u00f6sung zum Einnehmen Lutschtabletten Mischung Nasendosierspray Nasenspray Spray Tabletten Test Tropfen \u00dcberzogene Tabletten anwenden () zur\u00fccksetzen Verpackungseinheit Gramm Milliliter P St anwenden zur\u00fccksetzen Wirkstoff Azelastin hydrochlorid Beclometason dipropionat Bilastin Cetirizin dihydrochlorid Cromoglicins\u00e4ure, Dinatriumsalz Desloratadin Dimetinden maleat Emser Salz, nat\u00fcrlich Fluticason 17-propionat Levocabastin hydrochlorid Levocetirizin dihydrochlorid Loratadin Mometason furoat-1-Wasser Oxymetazolin hydrochlorid Pseudoephedrin hydrochlorid Xylometazolin hydrochlorid anwenden () zur\u00fccksetzen Preis < 5 \u20ac 5 \u20ac - 9,99 \u20ac 10 \u20ac - 24,99 \u20ac 25 \u20ac - 49,99 \u20ac 50 \u20ac - 199,99 \u20ac anwenden () zur\u00fccksetzen Sofort verf\u00fcgbar ja anwenden zur\u00fccksetzen Filter anzeigen - 48% 3 sofort lieferbar NASENDUO Nasenspray* 10 ml Die 2-in-1 L\u00f6sung gegen Schnupfen & schnelle Linderung bei verstopfter Nase! NasenDuo\u00ae Nasenspray enth\u00e4lt eine Wirkstoffkombination, die sowohl bei einer verstopften Nase als auch bei gereizten Nasenschleimh\u00e4uten rasch Linderung verspricht. Mit NasenDuo\u00ae Nasenspray behandeln Sie die Symptome eines Schnupfens schnell und effektiv. Anbieter: ratiopharm GmbH Art.-Nr.: 12521543 AVP 7,50 \u20ac 1 3,87 \u20ac 4 387,00 \u20ac pro 1 l - 48% 3 hinzuf\u00fcgen 10 ml - 40% 3 sofort lieferbar MOMETASON-ratiopharm Heuschnupfenspray* 18 g Mometason-ratiopharm\u00ae Heuschnupfenspray befreit die Nase. Bei Heuschnupfen. Einatmen und Aufatmen. Mometason-ratiopharm\u00ae Heuschnupfenspray ist ein Nasenspray f\u00fcr Erwachsene zur Behandlung von Heuschnupfen (saisonale allergische Rhinitis), sofern die Diagnose des Heuschnupfens durch einen Arzt erfolgt ist. Anbieter: ratiopharm GmbH Art.-Nr.: 12457986 AVP 19,99 \u20ac 1 11,89 \u20ac 4 660,56 \u20ac pro 1 kg - 40% 3 hinzuf\u00fcgen 10 g 18 g - 52% 3 sofort lieferbar LORATADIN axicur 10 mg Tabletten* 100 St Loratadin axicur\u00ae 10 mg Tabletten enthalten als Wirkstoff Loratadin, der zur Gruppe der \u201eAntihistaminika\u201c geh\u00f6rt. Loratadin axicur\u00ae 10 mg Tabletten helfen, Ihre allergischen Symptome zu lindern, indem die Wirkung des Stoffes gehemmt wird, der \u201eHistamin\u201c genannt wird und der in Ihrem K\u00f6rper produziert wird, wenn Sie auf etwas allergisch reagieren. Anbieter: axicorp Pharma GmbH Art.-Nr.: 14293796 AVP 21,72 \u20ac 1 10,35 \u20ac 4 - 52% 3 hinzuf\u00fcgen 7 St 20 St 50 St 100 St - 36% 3 sofort lieferbar NASIVIN Nasenspray o. Kons. Kleinkinder* 10 ml Das spezielle Dosiersystem von Nasivin ohne Konservierungsstoffe Dosierspray f\u00fcr Kleinkinder erlaubt eine exakte Dosierung des Wirkstoffs und bietet damit eine hohe Anwendungssicherheit. Anbieter: WICK Pharma - Zweigniederlassung der Procter & Gamble GmbH Art.-Nr.: 13246056 AVP 7,25 \u20ac 1 4,63 \u20ac 4 463,00 \u20ac pro 1 l - 36% 3 hinzuf\u00fcgen 10 ml - 34% 3 \u00d7 nicht lieferbar SNUP Schnupfenspray 0,1% Nasenspray* 10 ml Wirksame und sanfte Hilfe bei Schnupfen. Bei Schnupfen und Heuschnupfen geeignet. Befreit die Nase mit Xylometazolin. Befeuchtet die Nasenschleimhaut mit isl\u00e4ndischem Meerwasser. Dosierspray ohne Konservierungsstoffe. F\u00fcr Erwachsene und Schulkinder ab 6 Jahren. Anbieter: STADA Consumer Health Deutschland GmbH Art.-Nr.: 04482674 AVP 5,32 \u20ac 1 3,51 \u20ac 4 351,00 \u20ac pro 1 l - 34% 3 10 ml 15 ml - 32% 3 sofort lieferbar EMSER Nasenspray* 20 ml Nat\u00fcrlich sanfte Hilfe bei Schnupfen. Ohne Konservierungsstoffe und chemische Zus\u00e4tze. Anbieter: Sidroga Gesellschaft f\u00fcr Gesundheitsprodukte mbH Art.-Nr.: 10259791 AVP 7,46 \u20ac 1 5,07 \u20ac 4 253,50 \u20ac pro 1 l - 32% 3 hinzuf\u00fcgen 20 ml - 33% 3 sofort lieferbar RHINOPRONT Kombi Tabletten* 12 St Schnelle Hilfe bei tief sitzendem Schnupfen und anfallsweise auftretendem Flie\u00dfschnupfen. Die Wirkstoffe Pseudoephedrin und Triprolidin wirken zweifach von innen heraus: Sie lassen die Schleimh\u00e4ute abschwellen und normalisieren die vermehrte Schleimproduktion. Das lindert rasch die Atembeschwerden und macht die Nase wieder frei. Anbieter: Recordati Pharma GmbH Art.-Nr.: 07387611 AVP 10,28 \u20ac 1 6,85 \u20ac 4 - 33% 3 hinzuf\u00fcgen 12 St - 49% 3 sofort lieferbar LORATADIN-ratiopharm 10 mg Tabletten* 100 St Lindert als Antihistaminikum die Beschwerden einer allergischen Reaktion wie Heuschnupfen. Anbieter: ratiopharm GmbH Art.-Nr.: 00142912 AVP 35,58 \u20ac 1 17,95 \u20ac 4 - 49% 3 hinzuf\u00fcgen 20 St 50 St 100 St - 32% 3 sofort lieferbar NASIVIN Nasenspray o. Kons. Erw. u. Schulkinder* 10 ml Nasivin\u00ae Nasenspray ohne Konservierungsstoffe Erwachsene und Schulkinder (ab 6 Jahren) befreit Ihre Nase sp\u00fcrbar innerhalb von 25 Sekunden und Sie k\u00f6nnen wieder frei durchatmen. Anbieter: WICK Pharma - Zweigniederlassung der Procter & Gamble GmbH Art.-Nr.: 13246062 AVP 7,25 \u20ac 1 4,91 \u20ac 4 491,00 \u20ac pro 1 l - 32% 3 hinzuf\u00fcgen 10 ml - 50% 3 sofort lieferbar CETIRIZIN axicur 10 mg Filmtabletten* 100 St Zur Linderung von Heuschnupfen und ganzj\u00e4hrigen Allergien wie Staub- oder Haustierallergien. Anbieter: axicorp Pharma GmbH Art.-Nr.: 14293520 AVP 13,19 \u20ac 1 6,55 \u20ac 4 - 50% 3 hinzuf\u00fcgen 7 St 20 St 50 St 100 St - 35% 3 sofort lieferbar OTRI-ALLERGIE Nasenspray Fluticason* 6 ml Bek\u00e4mpft die 6 st\u00e4rksten Heuschnupfen-Symptome der Nase und der Augen. Effektiver als Antihistamin-Tabletten: Blockiert alle 6 Ausl\u00f6ser von Heuschnupfen-Symptomen, nicht nur das Histamin! Anbieter: GlaxoSmithKline Consumer Healthcare Art.-Nr.: 12400130 AVP 13,17 \u20ac 1 8,47 \u20ac 4 1.411,67 \u20ac pro 1 l - 35% 3 hinzuf\u00fcgen 6 ml 12 ml - 40% 3 sofort lieferbar MOMETAHEXAL Heuschnupfenspray 50\u03bcg/Spr.140 Spr. St* 18 g Befreit die Nase 24 Stunden von Heuschnupfen-Symptomen - MometaHEXAL\u00ae Heuschnupfenspray wird bei Erwachsenen zur Behandlung von Heuschnupfen-Beschwerden angewendet, sofern die Erstdiagnose des Heuschnupfens durch einen Arzt erfolgt ist. Anbieter: Hexal AG Art.-Nr.: 11697286 AVP 22,24 \u20ac 1 13,23 \u20ac 4 735,00 \u20ac pro 1 kg - 40% 3 hinzuf\u00fcgen 10 g 18 g - 44% 3 sofort lieferbar NASENGEL AL* 10 g Zum Abschwellen der Nasenschleimhaut bei Schnupfen. Anbieter: ALIUD Pharma GmbH Art.-Nr.: 03929328 AVP 4,24 \u20ac 1 2,36 \u20ac 4 236,00 \u20ac pro 1 kg - 44% 3 hinzuf\u00fcgen 10 g - 43% 3 sofort lieferbar RATIOALLERG Heuschnupfenspray* 10 ml Corticoidhaltiges Nasenspray zur Kurzzeitbehandlung von Heuschnupfen: gut vertr\u00e4glich, schnell wirksam. Anbieter: ratiopharm GmbH Art.-Nr.: 00704014 AVP 10,98 \u20ac 1 6,21 \u20ac 4 621,00 \u20ac pro 1 l - 43% 3 hinzuf\u00fcgen 10 ml - 38% 3 sofort lieferbar Livocab\u00ae direkt Nasenspray bei Allergie* 5 ml Schnelle Hilfe f\u00fcr allergiegeplagte Nasen: Livocab\u00ae direkt Nasenspray. Anbieter: Johnson & Johnson GmbH (OTC) Art.-Nr.: 00202465 AVP 9,97 \u20ac 1 6,11 \u20ac 4 1.222,00 \u20ac pro 1 l - 38% 3 hinzuf\u00fcgen 5 ml 10 ml - 35% 3 sofort lieferbar POLLIVAL 1 mg/ml Nasenspray L\u00f6sung* 10 ml Die schnelle Abwehr f\u00fcr die Nase bei allergisch bedingter Nasenschleimhautbeschwerden. Mit dem bew\u00e4hrten Wirkstoff Azelastin. Anbieter: URSAPHARM Arzneimittel GmbH Art.-Nr.: 13748585 AVP 9,97 \u20ac 1 6,42 \u20ac 4 642,00 \u20ac pro 1 l - 35% 3 hinzuf\u00fcgen 10 ml - 32% 3 sofort lieferbar POLLICROM 20 mg/ml Nasenspray L\u00f6sung* 15 ml Der Basisschutz gegen allergische Reaktionen f\u00fcr die Nase. Anbieter: URSAPHARM Arzneimittel GmbH Art.-Nr.: 13706664 AVP 7,97 \u20ac 1 5,39 \u20ac 4 359,33 \u20ac pro 1 l - 32% 3 hinzuf\u00fcgen 15 ml - 51% 3 sofort lieferbar CROMO-RATIOPHARM Nasenspray konservierungsfrei* 15 ml Stabilisiert mit dem Wirkstoff Cromoglicin die Zellen, aus denen die allergieausl\u00f6sende Substanz Histamin freigesetzt wird. Allergische Reaktionen werden auf diese Weise abgeschw\u00e4cht. Anbieter: ratiopharm GmbH Art.-Nr.: 04952619 AVP 8,62 \u20ac 1 4,17 \u20ac 4 278,00 \u20ac pro 1 l - 51% 3 hinzuf\u00fcgen 15 ml - 43% 3 \u00d7 nicht lieferbar NASENSPRAY Heumann* 10 ml L\u00f6sung mit 1 mg Xylometazolinhydrochlorid/ml. Xylometazolin hat gef\u00e4\u00dfverengende Eigenschaften und bewirkt dadurch eine Schleimhautabschwellung. Anbieter: HEUMANN PHARMA GmbH & Co. Generica KG Art.-Nr.: 07334460 AVP 3,99 \u20ac 1 2,24 \u20ac 4 224,00 \u20ac pro 1 l - 43% 3 10 ml - 50% 3 sofort lieferbar CETIRIZIN-ratiopharm bei Allergien 10 mg Filmtabl.* 100 St Cetirizin-ratiopharm\u00ae ist ein Antiallergikum und lindert Beschwerden, die mit einer saisonalen oder ganzj\u00e4hrigen allergischen Rhinitis oder chronischer Nesselsucht einhergehen. Eine Tablette pro Tag reicht aus: Cetirizin-ratiopharm\u00ae wirkt bis zu 24 Stunden. Anbieter: ratiopharm GmbH Art.-Nr.: 02158165 AVP 37,66 \u20ac 1 18,79 \u20ac 4 - 50% 3 hinzuf\u00fcgen 7 St 20 St 50 St 100 St 1 2 3 4 5 weiter Benutzername / E-Mail-Adresse Passwort Eingeloggt bleiben Passwort vergessen \u00dcberpr\u00fcfungs-E-Mail zusenden Anmelden Wenn Sie in unserem Shop ein Benutzerkonto einrichten, werden Sie schneller durch den Bestellvorgang gef\u00fchrt, k\u00f6nnen Ihren bisherigen Bestellablauf verfolgen und vieles mehr. Registrieren Der Warenkorb ist noch leer. {{ productName }} ist nicht rabattierf\u00e4hig. {{ added.quantity }}x {{ added.item.name }} wurde Ihrem Warenkorb hinzugef\u00fcgt. Zum Warenkorb Zur Kasse Anzahl: Gutschein (): Zwischensumme Preise inkl. MwSt. zzgl. Versand. Zur kostenfreien Lieferung fehlen 0,00\u20ac Zum Warenkorb Zur Kasse Kontakt Rezept einl\u00f6sen Bonuspunkte einl\u00f6sen Gutschein Newsletter Medikamente Aknecreme Allergietabletten Augensalbe Augentropfen Besenreisercreme Blutverd\u00fcnner Creme gegen Krampfadern Erk\u00e4ltungssalbe Erk\u00e4ltungstabletten Halsschmerztabletten H\u00e4morrhoidensalbe Herztabletten Hustensaft Hustenstiller Kopfschmerztabletten Kreislauftropfen Laktoseintoleranz L\u00e4useshampoo Lippenherpescreme Magentabletten Magentropfen Mundspray Narbensalbe Nasenpflaster Nasenpflege Nasenspray Nasenspray & Nasentropfen Neurodermitis Creme Ohrentropfen Salbe bei Zahnfleischentz\u00fcndung Salbe gegen Bluterg\u00fcsse Salbe gegen Prellungen Salbe gegen Venenentz\u00fcndung Salbe gegen Zerrungen Schilddr\u00fcsentabletten Schlaftabletten Schleim- & Hustenl\u00f6ser Schmerztabletten Shampoo gegen Haarausfall Sportsalbe Tabletten gegen Blasenentz\u00fcndung Tabletten gegen Durchfall Tabletten gegen R\u00fcckenschmerzen Tabletten gegen Sodbrennen W\u00e4rmepflaster W\u00e4rmesalbe Wund- & Heilsalbe Zahnschmerztabletten Mein K\u00f6rper Augen Allergische Augen Gereizte Augen Hornhaut Auge Kontaktlinsen & Pflege Trockene Augen Blase, Niere & Prostata Blasenentz\u00fcndung Blasenschw\u00e4che Menstruationsbeschwerden Prostata Vaginale Erkrankungen F\u00fc\u00dfe Fu\u00dfpflege Fu\u00dfpilz Nagelpilz Gelenke & Muskeln Arthrose Gelenkschmerzen Muskelkr\u00e4mpfe R\u00fcckenschmerzen Hals, Nase & Ohren Halsschmerzen Heuschnupfen Mittelohrentz\u00fcndung Nasennebenh\u00f6hlenentz\u00fcndung Ohrprobleme Schnupfen H\u00e4nde Haut, Haare & N\u00e4gel Akne Besenreiser Ekzeme Haarausfall Haarprodukte Krampfadern L\u00e4use Neurodermitis Pilzinfektion Warzen & H\u00fchneraugen Herz & Kreislauf Blutarmut Blutdruck Cholesterin senken Durchblutungsst\u00f6rung Kreislaufst\u00e4rkung Messger\u00e4te f\u00fcr Blutdruck Venenentz\u00fcndung Immunsystem Kopf Fieber Kopfschmerzen Migr\u00e4ne Magen & Darm Bl\u00e4hungen Darmsanierung Durchfall Gallenbeschwerden H\u00e4morrhoiden Laktoseintoleranz Leberbeschwerden Magen-Darm-Grippe Magenschleimhautentz\u00fcndung Magenschmerzen Sodbrennen \u00dcbelkeit Verstopfung Mund, Rachen & Zahn 3. Z\u00e4hne Aphten & Schleimhautentz\u00fcndung Empfindliche Z\u00e4hne Interdental Kaputte & Trockene Lippen Mundgeruch Rachenentz\u00fcndung Schnarchen Zahnb\u00fcrsten Zahnfleischbluten Zahnfleischentz\u00fcndung Zahnpasta Zahnpflege Baby & Kinder Zahnschmerzen Psyche Einschlafprobleme Ged\u00e4chtnisprobleme Nerv\u00f6se Unruhe Neuropathien Schilddr\u00fcse Schilddr\u00fcsen\u00fcberfunktion Schilddr\u00fcsenunterfunktion Krankheiten Allergie & Heuschnupfen Juckende Augen Kombipr\u00e4parate Laufende Nase Blasenentz\u00fcndung Bluthochdruck Depression Diabetes Batterien Blutzuckermessger\u00e4te Blutzuckerteststreifen Desinfektionsmittel & Wundversorgung Einmalspritzen Harnteststreifen Haut- & Fu\u00dfpflege Kan\u00fclen & Pennadeln Kontroll\u00f6sungen K\u00fchl- & Taschensystem Lanzetten Neuropathien Pens Pumpen & Zubeh\u00f6r Socken Sonstiges Stechhilfen Vitamine & Nahrungserg\u00e4nzungsmittel Durchfall Erk\u00e4ltung Fieber Fu\u00dfpilz Grippe Husten Hustenstiller Hustentropfen Schleiml\u00f6ser & Hustenl\u00f6ser Inkontinenz Fixierhosen Pants & Windeln Vorlagen Magen-Darm-Grippe Migr\u00e4ne Neurodermitis Osteoporose Pilzinfektionen Fu\u00dfpilz Intimbereich Nagelpilz Sonstiges Rheuma Schmerzen Gelenkschmerzen Halsschmerzen Kopfschmerzen & Migr\u00e4ne Regelschmerzen R\u00fcckenschmerzen Zahnschmerzen Verstopfung Natur & Hom\u00f6opathie Bachbl\u00fcten Bachbl\u00fcten Globuli Bachbl\u00fcten Rescura Creme Bachbl\u00fcten Rescura Night Bachbl\u00fcten Rescura Pastillen Bachbl\u00fcten Rescura Tropfen Bachbl\u00fcten Set Bachbl\u00fcten Tropfen Enzyme Hom\u00f6opathische Einzelmittel Aconitum Apis Mellifica Argentum Nitricum Arnica Arsenicum Album Belladonna Bryonia Calendula Calendumed Cantharis Chamomilla Coffea Echinacea Euphrasia Ferrum Phosphoricum Gelsemium Lachesis Lycopodium Nux Vomica Okoubaka Pulsatilla Rhus Toxicodendron Sepia Silicea Sulfur Hom\u00f6opathische Hausapotheke Hom\u00f6opathische Komplexmittel Abnehmen Allergie Arthrose & Rheuma Baby & Kind Blasenentz\u00fcndung Depression Erk\u00e4ltung Haut Herz & Kreislauf Innere Unruhe & Ersch\u00f6pfung Magen & Darm Schwangerschaft Wechseljahre Naturheilmittel Algen Aloe vera Apfelessig Artischocke Baldrian / Hopfen / Melisse B\u00e4rentraube Birke Brennnessel Cimicifuga Cranberry Echinacea Efeu Enzyme Flohsamen Gelatine Gelee Royal Ginkgo Ginseng Hamamelis Heilerde Johanniskraut Knoblauch K\u00fcrbiskerne Lebertran Leinsamen Mariendistel Mistel M\u00f6nchspfeffer Muschelkonzentrat Nachtkerzen\u00f6l Omega 3 / Lachs\u00f6l Pfefferminze Primelwurzel Propolis Rosskastanie S\u00e4gepalmfr\u00fcchte Schwarzk\u00fcmmel Spirulina Spitzwegerich Teufelskralle Weidenrinde Weihrauch Wei\u00dfdorn Pflanzliche Medikamente Angst Beruhigungsmittel Depression Erk\u00e4ltung Wechseljahre Sch\u00fc\u00dfler-Salze Nr. 1 Calcium fluoratum Sch\u00fc\u00dfler Globuli Nr. 2 Calcium phosphoricum Nr. 3 Ferrum phosphoricum Nr. 4 Kalium chloratum Nr. 5 Kalium phosphoricum Nr. 6 Kalium sulfuricum Nr. 7 Magnesium phosphoricum Nr. 8 Natrium chloratum Nr. 9 Natrium phosphoricum Nr. 10 Natrium sulfuricum Nr. 11 Silicea Nr. 12 Calcium sulfuricum Nr. 13 Kalium arsenicosum Nr. 14 Kalium bromatum Nr. 15 Kalium jodatum Nr. 16 Lithium chloratum Nr. 17 Manganum sulfuricum Nr. 18 Calcium sulfuratum Hahnemanni Nr. 19 Cuprum arsenicosum Nr. 20 Kalium aluminium sulfuricum Nr. 21 Zincum chloratum Nr. 22 Calcium carbonicum Hahnemanni Nr. 23 Natrium bicarbonicum Nr. 24 Arsenum jodatum Nr. 25 Aurum chloratum natronatum Nr. 26 Selenium Nr. 27 Kalium Bichromicum Sch\u00fc\u00dfler-Salbe Nr. 1 Calcium fluoratum Nr. 2 Calcium phosphoricum Nr. 3 Ferrum phosphoricum Nr. 4 Kalium chloratum Nr. 5 Kalium phosphoricum Nr. 6 Kalium sulfuricum Nr. 7 Magnesium phosphoricum Nr. 8 Natrium chloratum Nr. 9 Natrium phosphoricum Nr. 10 Natrium sulfuricum Nr. 11 Silicea Nr. 12 Calcium sulfuricum Sch\u00f6nheit & Pflege Augen Anti-Age Mischhaut Normale Haut Trockene Haut Dekorative Kosmetik Concealer Fixierung & Puder Foundation Nagelpflege Schminkutensilien Fu\u00dfpflege Empfindliche Haut Normale Haut Trockene Haut Gesichtspflege Anti-Age Empfindliche Haut Fettige Haut Lippenpflege Mischhaut Nachtpflege Normale Haut Reinigung Tagespflege Trockene Haut Zahnpflege & Mundhygiene Handpflege Anti-Age Empfindliche Haut Mischhaut Normale Haut Trockene Haut Kopf & Haare Pflege Shampoo K\u00f6rperpflege Anti-Age Cellulite Deodorant Duschgel & Seifen Empfindliche Haut Fettige & Unreine Haut Fu\u00dfpflege Handpflege Hautpflege Intimpflege Mischhaut Normale Haut Trockene Haut M\u00e4nnerpflege Aftershave Deo Gesichtscreme K\u00f6rperpflege Rasiercreme Naturkosmetik Sch\u00f6nheit von innen Sonnenschutz After Sun Allergie Baby & Kind Empfindliche Haut Fettige Haut Selbstbr\u00e4uner Trockene Haut Wellness Badezus\u00e4tze Entspannung Massage Sauna mehr entdecken Angebote & Aktionen NEU im Shop Preishits Restposten Sonderbonuspunkte besamex Podcast B\u00fccher & Geschenkartikel B\u00fccher Geschenkartikel Di\u00e4t & Abnehmen Di\u00e4tshakes & Abnehmpulver Eiwei\u00dfpr\u00e4parate Entschlackung Entw\u00e4sserung Kalorienreduktion S\u00e4ttigungsmittel Zuckerersatz Familie Baby- & Kindergesundheit Babypflege Kinderwunsch Schnuller & Zubeh\u00f6r Schwangerschaft & Stillzeit F\u00fcr die guten Vors\u00e4tze 2023 Abnehmen Mehr Sport Weniger rauchen H\u00e4ufigste Krankheiten Allergie Erk\u00e4ltung Fieber Grippe Magen-Darm-Grippe Schnupfen Liebe & Sexualit\u00e4t Gleitmittel Intimpflege Kondome Nat\u00fcrliche Verh\u00fctung Potenzmittel Schwangerschaftstests Verh\u00fctungscomputer Markenshops Medikamente Aknecreme Allergietabletten Augensalbe Augentropfen Besenreisercreme Blutverd\u00fcnner Creme gegen Krampfadern Erk\u00e4ltungssalbe Erk\u00e4ltungstabletten Halsschmerztabletten H\u00e4morrhoidensalbe Herztabletten Hustensaft Hustenstiller Kopfschmerztabletten Kreislauftropfen Laktoseintoleranz L\u00e4useshampoo Lippenherpescreme Magentabletten Magentropfen Mundspray Narbensalbe Nasenpflaster Nasenpflege Nasenspray Nasenspray & Nasentropfen Neurodermitis Creme Ohrentropfen Salbe bei Zahnfleischentz\u00fcndung Salbe gegen Bluterg\u00fcsse Salbe gegen Prellungen Salbe gegen Venenentz\u00fcndung Salbe gegen Zerrungen Schilddr\u00fcsentabletten Schlaftabletten Schleim- & Hustenl\u00f6ser Schmerztabletten Shampoo gegen Haarausfall Sportsalbe Tabletten gegen Blasenentz\u00fcndung Tabletten gegen Durchfall Tabletten gegen R\u00fcckenschmerzen Tabletten gegen Sodbrennen W\u00e4rmepflaster W\u00e4rmesalbe Wund- & Heilsalbe Zahnschmerztabletten Medizinische Ger\u00e4te Batterien Infrarotlampen & Heizkissen Inhalatoren Massage Muskelstimulation Nasensauger Thermometer Waagen Reise Blasenpflaster Desinfektion Hom\u00f6opathische Reiseapotheke Insektenschutz Reise\u00fcbelkeit & Erbrechen Sanit\u00e4tsbedarf Bandagen Krankenunterlagen Medikamentendosierer Sonstiges Spender W\u00e4rmflasche Sport & Fitness Aufbaupr\u00e4parate Muskelschmerzen Sportverletzungen Trainingszubeh\u00f6r St\u00fctzstr\u00fcmpfe Tee & Bonbons Bonbons Tee Themenshops Tierapotheke Hund Katze Pferd Verletzungen, Wundversorgung & Desinfektion Desinfektionsmittel Erste Hilfe Fixieren Gipsbinden Hansaplast Idealbinden Kalt-Warm-Kompressen Kompressen Mullbinden Verbandsk\u00e4sten Wundpflege Vitamine & Nahrungserg\u00e4nzung Augenvitamine Biotin Calcium Diabetes Eisen Fols\u00e4ure Jod Kalium Laktoseintoleranz Magnesium Mineralstoffe Multivitamine Nahrungserg\u00e4nzung Omega 3 / Lachs\u00f6l Orthomol Q 10 \u00df-Carotin Selen Vegetarisch & Vegan Vitamin A Vitamin B Vitamin C Vitamin D Vitamin E Zink Vorsorgetests Rezept einl\u00f6sen Sonderbonuspunkte NEU im Shop % Preishits Newsletter Filtern & Sortieren Sortierung: Relevanz Verf\u00fcgbarkeit Aufsteigend Verf\u00fcgbarkeit Absteigend Artikelname A-Z Artikelname Z-A Preis Aufsteigend Preis Absteigend Hersteller A-Z Hersteller Z-A anwenden zur\u00fccksetzen Artikel pro Seite: 10 20 50 100 anwenden zur\u00fccksetzen Rezeptpflicht nein anwenden zur\u00fccksetzen Hersteller A. Nattermann & Cie GmbH ABOCA S.P.A. SOCIETA' AGRICOLA AbZ Pharma GmbH ALIUD Pharma GmbH Alliance Healthcare Deutschland GmbH Aristo Pharma GmbH axicorp Pharma GmbH betapharm Arzneimittel GmbH Biologische Heilmittel Heel GmbH Cerascreen GmbH DERMAPHARM AG Dr. Gerhard Mann Chem.-pharm.Fabrik GmbH GlaxoSmithKline Consumer Healthcare HERMES Arzneimittel GmbH HEUMANN PHARMA GmbH & Co. Generica KG Hevert-Arzneimittel GmbH & Co. KG HEXAL AG Johnson & Johnson GmbH (OTC) Prodeco Pharma Deutschland GmbH Queisser Pharma GmbH & Co. KG ratiopharm GmbH Recordati Pharma GmbH Sidroga Gesellschaft f\u00fcr Gesundheitsprodukte mbH STADA Consumer Health Deutschland GmbH TAD Pharma GmbH URSAPHARM Arzneimittel GmbH Viatris Healthcare GmbH WEBER & WEBER GmbH WELEDA AG WICK Pharma - Zweigniederlassung der Procter & Gamble GmbH Zentiva Pharma GmbH anwenden () zur\u00fccksetzen Darreichungsform Dosierspray Filmtabletten Gel Globuli Kapseln Kombipackung L\u00f6sung zum Einnehmen Lutschtabletten Mischung Nasendosierspray Nasenspray Spray Tabletten Test Tropfen \u00dcberzogene Tabletten anwenden () zur\u00fccksetzen Verpackungseinheit Gramm Milliliter P St anwenden zur\u00fccksetzen Wirkstoff Azelastin hydrochlorid Beclometason dipropionat Bilastin Cetirizin dihydrochlorid Cromoglicins\u00e4ure, Dinatriumsalz Desloratadin Dimetinden maleat Emser Salz, nat\u00fcrlich Fluticason 17-propionat Levocabastin hydrochlorid Levocetirizin dihydrochlorid Loratadin Mometason furoat-1-Wasser Oxymetazolin hydrochlorid Pseudoephedrin hydrochlorid Xylometazolin hydrochlorid anwenden () zur\u00fccksetzen Preis < 5 \u20ac 5 \u20ac - 9,99 \u20ac 10 \u20ac - 24,99 \u20ac 25 \u20ac - 49,99 \u20ac 50 \u20ac - 199,99 \u20ac anwenden () zur\u00fccksetzen Sofort verf\u00fcgbar ja anwenden zur\u00fccksetzen Schlie\u00dfen Anmelden Ich m\u00f6chte mich in den Newsletter eintragen! Das Austragen ist jederzeit m\u00f6glich (weitere Infos hier). Herr Frau Familie Firma ** Ich habe die Datenschutzbestimmungen gelesen und bin mit der Nutzung meiner personenbezogenen Daten einverstanden. * Der Willkommens-Gutschein ist nur g\u00fcltig im Online-Shop www.besamex.de f\u00fcr nicht verschreibungspflichtige Produkte (au\u00dfer B\u00fccher). Code nur einmal pro registriertem Kunden einl\u00f6sbar. ** Pflichtfeld Sp\u00e4ter Nein Danke Eintragen", "language": null, "image": null, "pagetype": null, "links": ["/rezept-einloesen", "/kategorie/mehr-entdecken/angebote-aktionen/sonderbonuspunkte.html", "/kategorie/mehr-entdecken/angebote-aktionen/neu-im-shop.html", "/kategorie/mehr-entdecken/angebote-aktionen/preishits.html", "/newsletter", "/", "/myshop/dashboard", "/account/login", "/notepad", "/checkout/cart", "/kategorie/mehr-entdecken/medikamente.html", "/kategorie/mehr-entdecken/medikamente/aknecreme.html", "/kategorie/mehr-entdecken/medikamente/allergietabletten.html", "/kategorie/mehr-entdecken/medikamente/augensalbe.html", "/kategorie/mehr-entdecken/medikamente/augentropfen.html", "/kategorie/mehr-entdecken/medikamente/besenreisercreme.html", "/kategorie/mehr-entdecken/medikamente/blutverduenner.html", "/kategorie/mehr-entdecken/medikamente/creme-gegen-krampfadern.html", "/kategorie/mehr-entdecken/medikamente/erkaeltungssalbe.html", "/kategorie/mehr-entdecken/medikamente/erkaeltungstabletten.html", "/kategorie/mehr-entdecken/medikamente/halsschmerztabletten.html", "/kategorie/mehr-entdecken/medikamente/haemorrhoidensalbe.html", "/kategorie/mehr-entdecken/medikamente/herztabletten.html", "/kategorie/mehr-entdecken/medikamente/hustensaft.html", "/kategorie/mehr-entdecken/medikamente/hustenstiller.html", "/kategorie/mehr-entdecken/medikamente/kopfschmerztabletten.html", "/kategorie/mehr-entdecken/medikamente/kreislauftropfen.html", "/kategorie/mehr-entdecken/medikamente/laktoseintoleranz.html", "/kategorie/mehr-entdecken/medikamente/laeuseshampoo.html", "/kategorie/mehr-entdecken/medikamente/lippenherpescreme.html", "/kategorie/mehr-entdecken/medikamente/magentabletten.html", "/kategorie/mehr-entdecken/medikamente/magentropfen.html", "/kategorie/mehr-entdecken/medikamente/mundspray.html", "/kategorie/mehr-entdecken/medikamente/narbensalbe.html", "/kategorie/mehr-entdecken/medikamente/nasenpflaster.html", "/kategorie/mehr-entdecken/medikamente/nasenpflege.html", "/kategorie/mehr-entdecken/medikamente/nasenspray.html", "/kategorie/mehr-entdecken/medikamente/nasenspray-nasentropfen.html", "/kategorie/mehr-entdecken/medikamente/neurodermitis-creme.html", "/kategorie/mehr-entdecken/medikamente/ohrentropfen.html", "/kategorie/mehr-entdecken/medikamente/salbe-bei-zahnfleischentzuendung.html", "/kategorie/mehr-entdecken/medikamente/salbe-gegen-bluterguesse.html", "/kategorie/mehr-entdecken/medikamente/salbe-gegen-prellungen.html", "/kategorie/mehr-entdecken/medikamente/salbe-gegen-venenentzuendung.html", "/kategorie/mehr-entdecken/medikamente/salbe-gegen-zerrungen.html", "/kategorie/mehr-entdecken/medikamente/schilddruesentabletten.html", "/kategorie/mehr-entdecken/medikamente/schlaftabletten.html", "/kategorie/mehr-entdecken/medikamente/schleim-hustenloeser.html", "/kategorie/mehr-entdecken/medikamente/schmerztabletten.html", "/kategorie/mehr-entdecken/medikamente/shampoo-gegen-haarausfall.html", "/kategorie/mehr-entdecken/medikamente/sportsalbe.html", "/kategorie/mehr-entdecken/medikamente/tabletten-gegen-blasenentzuendung.html", "/kategorie/mehr-entdecken/medikamente/tabletten-gegen-durchfall.html", "/kategorie/mehr-entdecken/medikamente/tabletten-gegen-rueckenschmerzen.html", "/kategorie/mehr-entdecken/medikamente/tabletten-gegen-sodbrennen.html", "/kategorie/mehr-entdecken/medikamente/waermepflaster.html", "/kategorie/mehr-entdecken/medikamente/waermesalbe.html", "/kategorie/mehr-entdecken/medikamente/wund-heilsalbe.html", "/kategorie/mehr-entdecken/medikamente/zahnschmerztabletten.html", "/kategorie/mein-koerper.html", "/kategorie/mein-koerper/augen.html", "/kategorie/mein-koerper/blase-niere-prostata.html", "/kategorie/mein-koerper/fuesse.html", "/kategorie/mein-koerper/gelenke-muskeln.html", "/kategorie/mein-koerper/hals-nase-ohren.html", "/kategorie/mein-koerper/haende.html", "/kategorie/mein-koerper/haut-haare-naegel.html", "/kategorie/mein-koerper/herz-kreislauf.html", "/kategorie/mein-koerper/immunsystem.html", "/kategorie/mein-koerper/kopf.html", "/kategorie/mein-koerper/magen-darm.html", "/kategorie/mein-koerper/mund-rachen-zahn.html", "/kategorie/mein-koerper/psyche.html", "/kategorie/mein-koerper/schilddruese.html", "/kategorie/krankheiten.html", "/kategorie/krankheiten/allergie-heuschnupfen.html", "/kategorie/krankheiten/blasenentzuendung.html", "/kategorie/krankheiten/bluthochdruck.html", "/kategorie/krankheiten/depression.html", "/kategorie/krankheiten/diabetes.html", "/kategorie/krankheiten/durchfall.html", "/kategorie/krankheiten/erkaeltung.html", "/kategorie/krankheiten/fieber.html", "/kategorie/krankheiten/fusspilz.html", "/kategorie/krankheiten/grippe.html", "/kategorie/krankheiten/husten.html", "/kategorie/krankheiten/inkontinenz.html", "/kategorie/krankheiten/magen-darm-grippe.html", "/kategorie/krankheiten/migraene.html", "/kategorie/krankheiten/neurodermitis.html", "/kategorie/krankheiten/osteoporose.html", "/kategorie/krankheiten/pilzinfektionen.html", "/kategorie/krankheiten/rheuma.html", "/kategorie/krankheiten/schmerzen.html", "/kategorie/krankheiten/verstopfung.html", "/kategorie/natur-homoeopathie.html", "/kategorie/natur-homoeopathie/bachblueten.html", "/kategorie/natur-homoeopathie/enzyme.html", "/kategorie/natur-homoeopathie/homoeopathische-einzelmittel.html", "/kategorie/natur-homoeopathie/homoeopathische-hausapotheke.html", "/kategorie/natur-homoeopathie/homoeopathische-komplexmittel.html", "/kategorie/natur-homoeopathie/naturheilmittel.html", "/kategorie/natur-homoeopathie/pflanzliche-medikamente.html", "/kategorie/natur-homoeopathie/schuessler-salze.html", "/kategorie/schoenheit-pflege.html", "/kategorie/schoenheit-pflege/augen.html", "/kategorie/schoenheit-pflege/dekorative-kosmetik.html", "/kategorie/schoenheit-pflege/fusspflege.html", "/kategorie/schoenheit-pflege/gesichtspflege.html", "/kategorie/schoenheit-pflege/handpflege.html", "/kategorie/schoenheit-pflege/kopf-haare.html", "/kategorie/schoenheit-pflege/koerperpflege.html", "/kategorie/schoenheit-pflege/maennerpflege.html", "/kategorie/schoenheit-pflege/naturkosmetik.html", "/kategorie/schoenheit-pflege/schoenheit-von-innen.html", "/kategorie/schoenheit-pflege/sonnenschutz.html", "/kategorie/schoenheit-pflege/wellness.html", "/kategorie/mehr-entdecken.html", "/kategorie/mehr-entdecken/angebote-aktionen.html", "/kategorie/mehr-entdecken/besamex-podcast.html", "/kategorie/mehr-entdecken/buecher-geschenkartikel.html", "/kategorie/mehr-entdecken/diaet-abnehmen.html", "/kategorie/mehr-entdecken/familie.html", "/kategorie/mehr-entdecken/fuer-die-guten-vorsaetze-2023.html", "/kategorie/mehr-entdecken/haeufigste-krankheiten.html", "/kategorie/mehr-entdecken/liebe-sexualitaet.html", "/kategorie/mehr-entdecken/markenshops.html", "/kategorie/mehr-entdecken/medikamente.html", "/kategorie/mehr-entdecken/medizinische-geraete.html", "/kategorie/mehr-entdecken/reise.html", "/kategorie/mehr-entdecken/sanitaetsbedarf.html", "/kategorie/mehr-entdecken/sport-fitness.html", "/kategorie/mehr-entdecken/stuetzstruempfe.html", "/kategorie/mehr-entdecken/tee-bonbons.html", "/kategorie/mehr-entdecken/themenshops.html", "/kategorie/mehr-entdecken/tierapotheke.html", "/kategorie/mehr-entdecken/verletzungen-wundversorgung-desinfektion.html", "/kategorie/mehr-entdecken/vitamine-nahrungsergaenzung.html", "/kategorie/mehr-entdecken/vorsorgetests.html", "/", "/myshop/dashboard", "/account/login", "/notepad", "/checkout/cart", "/kategorie/mehr-entdecken/medikamente.html", "/kategorie/mehr-entdecken/medikamente/aknecreme.html", "/kategorie/mehr-entdecken/medikamente/allergietabletten.html", "/kategorie/mehr-entdecken/medikamente/augensalbe.html", "/kategorie/mehr-entdecken/medikamente/augentropfen.html", "/kategorie/mehr-entdecken/medikamente/besenreisercreme.html", "/kategorie/mehr-entdecken/medikamente/blutverduenner.html", "/kategorie/mehr-entdecken/medikamente/creme-gegen-krampfadern.html", "/kategorie/mehr-entdecken/medikamente/erkaeltungssalbe.html", "/kategorie/mehr-entdecken/medikamente/erkaeltungstabletten.html", "/kategorie/mehr-entdecken/medikamente/halsschmerztabletten.html", "/kategorie/mehr-entdecken/medikamente/haemorrhoidensalbe.html", "/kategorie/mehr-entdecken/medikamente/herztabletten.html", "/kategorie/mehr-entdecken/medikamente/hustensaft.html", "/kategorie/mehr-entdecken/medikamente/hustenstiller.html", "/kategorie/mehr-entdecken/medikamente/kopfschmerztabletten.html", "/kategorie/mehr-entdecken/medikamente/kreislauftropfen.html", "/kategorie/mehr-entdecken/medikamente/laktoseintoleranz.html", "/kategorie/mehr-entdecken/medikamente/laeuseshampoo.html", "/kategorie/mehr-entdecken/medikamente/lippenherpescreme.html", "/kategorie/mehr-entdecken/medikamente/magentabletten.html", "/kategorie/mehr-entdecken/medikamente/magentropfen.html", "/kategorie/mehr-entdecken/medikamente/mundspray.html", "/kategorie/mehr-entdecken/medikamente/narbensalbe.html", "/kategorie/mehr-entdecken/medikamente/nasenpflaster.html", "/kategorie/mehr-entdecken/medikamente/nasenpflege.html", "/kategorie/mehr-entdecken/medikamente/nasenspray.html", "/kategorie/mehr-entdecken/medikamente/nasenspray-nasentropfen.html", "/kategorie/mehr-entdecken/medikamente/neurodermitis-creme.html", "/kategorie/mehr-entdecken/medikamente/ohrentropfen.html", "/kategorie/mehr-entdecken/medikamente/salbe-bei-zahnfleischentzuendung.html", "/kategorie/mehr-entdecken/medikamente/salbe-gegen-bluterguesse.html", "/kategorie/mehr-entdecken/medikamente/salbe-gegen-prellungen.html", "/kategorie/mehr-entdecken/medikamente/salbe-gegen-venenentzuendung.html", "/kategorie/mehr-entdecken/medikamente/salbe-gegen-zerrungen.html", "/kategorie/mehr-entdecken/medikamente/schilddruesentabletten.html", "/kategorie/mehr-entdecken/medikamente/schlaftabletten.html", "/kategorie/mehr-entdecken/medikamente/schleim-hustenloeser.html", "/kategorie/mehr-entdecken/medikamente/schmerztabletten.html", "/kategorie/mehr-entdecken/medikamente/shampoo-gegen-haarausfall.html", "/kategorie/mehr-entdecken/medikamente/sportsalbe.html", "/kategorie/mehr-entdecken/medikamente/tabletten-gegen-blasenentzuendung.html", "/kategorie/mehr-entdecken/medikamente/tabletten-gegen-durchfall.html", "/kategorie/mehr-entdecken/medikamente/tabletten-gegen-rueckenschmerzen.html", "/kategorie/mehr-entdecken/medikamente/tabletten-gegen-sodbrennen.html", "/kategorie/mehr-entdecken/medikamente/waermepflaster.html", "/kategorie/mehr-entdecken/medikamente/waermesalbe.html", "/kategorie/mehr-entdecken/medikamente/wund-heilsalbe.html", "/kategorie/mehr-entdecken/medikamente/zahnschmerztabletten.html", "/kategorie/mein-koerper.html", "/kategorie/mein-koerper/augen.html", "/kategorie/mein-koerper/blase-niere-prostata.html", "/kategorie/mein-koerper/fuesse.html", "/kategorie/mein-koerper/gelenke-muskeln.html", "/kategorie/mein-koerper/hals-nase-ohren.html", "/kategorie/mein-koerper/haende.html", "/kategorie/mein-koerper/haut-haare-naegel.html", "/kategorie/mein-koerper/herz-kreislauf.html", "/kategorie/mein-koerper/immunsystem.html", "/kategorie/mein-koerper/kopf.html", "/kategorie/mein-koerper/magen-darm.html", "/kategorie/mein-koerper/mund-rachen-zahn.html", "/kategorie/mein-koerper/psyche.html", "/kategorie/mein-koerper/schilddruese.html", "/kategorie/krankheiten.html", "/kategorie/krankheiten/allergie-heuschnupfen.html", "/kategorie/krankheiten/blasenentzuendung.html", "/kategorie/krankheiten/bluthochdruck.html", "/kategorie/krankheiten/depression.html", "/kategorie/krankheiten/diabetes.html", "/kategorie/krankheiten/durchfall.html", "/kategorie/krankheiten/erkaeltung.html", "/kategorie/krankheiten/fieber.html", "/kategorie/krankheiten/fusspilz.html", "/kategorie/krankheiten/grippe.html", "/kategorie/krankheiten/husten.html", "/kategorie/krankheiten/inkontinenz.html", "/kategorie/krankheiten/magen-darm-grippe.html", "/kategorie/krankheiten/migraene.html", "/kategorie/krankheiten/neurodermitis.html", "/kategorie/krankheiten/osteoporose.html", "/kategorie/krankheiten/pilzinfektionen.html", "/kategorie/krankheiten/rheuma.html", "/kategorie/krankheiten/schmerzen.html", "/kategorie/krankheiten/verstopfung.html", "/kategorie/natur-homoeopathie.html", "/kategorie/natur-homoeopathie/bachblueten.html", "/kategorie/natur-homoeopathie/enzyme.html", "/kategorie/natur-homoeopathie/homoeopathische-einzelmittel.html", "/kategorie/natur-homoeopathie/homoeopathische-hausapotheke.html", "/kategorie/natur-homoeopathie/homoeopathische-komplexmittel.html", "/kategorie/natur-homoeopathie/naturheilmittel.html", "/kategorie/natur-homoeopathie/pflanzliche-medikamente.html", "/kategorie/natur-homoeopathie/schuessler-salze.html", "/kategorie/schoenheit-pflege.html", "/kategorie/schoenheit-pflege/augen.html", "/kategorie/schoenheit-pflege/dekorative-kosmetik.html", "/kategorie/schoenheit-pflege/fusspflege.html", "/kategorie/schoenheit-pflege/gesichtspflege.html", "/kategorie/schoenheit-pflege/handpflege.html", "/kategorie/schoenheit-pflege/kopf-haare.html", "/kategorie/schoenheit-pflege/koerperpflege.html", "/kategorie/schoenheit-pflege/maennerpflege.html", "/kategorie/schoenheit-pflege/naturkosmetik.html", "/kategorie/schoenheit-pflege/schoenheit-von-innen.html", "/kategorie/schoenheit-pflege/sonnenschutz.html", "/kategorie/schoenheit-pflege/wellness.html", "/kategorie/mehr-entdecken.html", "/kategorie/mehr-entdecken/angebote-aktionen.html", "/kategorie/mehr-entdecken/besamex-podcast.html", "/kategorie/mehr-entdecken/buecher-geschenkartikel.html", "/kategorie/mehr-entdecken/diaet-abnehmen.html", "/kategorie/mehr-entdecken/familie.html", "/kategorie/mehr-entdecken/fuer-die-guten-vorsaetze-2023.html", "/kategorie/mehr-entdecken/haeufigste-krankheiten.html", "/kategorie/mehr-entdecken/liebe-sexualitaet.html", "/kategorie/mehr-entdecken/markenshops.html", "/kategorie/mehr-entdecken/medikamente.html", "/kategorie/mehr-entdecken/medizinische-geraete.html", "/kategorie/mehr-entdecken/reise.html", "/kategorie/mehr-entdecken/sanitaetsbedarf.html", "/kategorie/mehr-entdecken/sport-fitness.html", "/kategorie/mehr-entdecken/stuetzstruempfe.html", "/kategorie/mehr-entdecken/tee-bonbons.html", "/kategorie/mehr-entdecken/themenshops.html", "/kategorie/mehr-entdecken/tierapotheke.html", "/kategorie/mehr-entdecken/verletzungen-wundversorgung-desinfektion.html", "/kategorie/mehr-entdecken/vitamine-nahrungsergaenzung.html", "/kategorie/mehr-entdecken/vorsorgetests.html", "/", "/", "/kategorie/krankheiten.html", "/kategorie/krankheiten/allergie-heuschnupfen.html", "/kategorie/krankheiten.html", "/kategorie/krankheiten/allergie-heuschnupfen.html", "/kategorie/krankheiten/allergie-heuschnupfen/juckende-augen.html", "/kategorie/krankheiten/allergie-heuschnupfen/kombipraeparate.html", "/kategorie/krankheiten/allergie-heuschnupfen/laufende-nase.html", "/produkt/eucerin-atopicontrol-lotion-400-ml-08454700.html", "/produkt/eucerin-atopicontrol-lotion-400-ml-08454700.html", "/produkt/voltaren-schmerzgel-forte-23-2-mg-g-120-g-15387571.html", "/produkt/voltaren-schmerzgel-forte-23-2-mg-g-120-g-15387571.html", "/produkt/eucerin-urearepair-plus-fusscreme-10-100-ml-11678047.html", "/produkt/eucerin-urearepair-plus-fusscreme-10-100-ml-11678047.html", "/produkt/avene-xeracalm-a-d-creme-400-ml-13883722.html", "/produkt/avene-xeracalm-a-d-creme-400-ml-13883722.html", "/produkt/monapax-sirup-250-ml-17250072.html", "/produkt/monapax-sirup-250-ml-17250072.html", "/produkt/herz-intakt-mit-kalium-magnesium-b-vitaminen-tabl-180-st-18219331.html", "/produkt/herz-intakt-mit-kalium-magnesium-b-vitaminen-tabl-180-st-18219331.html", "/produkt/eucerin-anti-pigment-tagespflege-creme-lsf-30-50-ml-14163898.html", "/produkt/eucerin-anti-pigment-tagespflege-creme-lsf-30-50-ml-14163898.html", "/produkt/oyono-nacht-tabletten-60-st-17997902.html", "/produkt/oyono-nacht-tabletten-60-st-17997902.html", "/produkt/hansaplast-set-erste-hilfe-1-st-18489680.html", "/produkt/hansaplast-set-erste-hilfe-1-st-18489680.html", "/produkt/eucerin-anti-age-hyaluron-filler-nacht-tiegel-50-ml-04668723.html", "/produkt/eucerin-anti-age-hyaluron-filler-nacht-tiegel-50-ml-04668723.html", "/produkt/eucerin-dermopure-therapiebegl-feuchtigkeitspflege-50-ml-13235704.html", "/produkt/eucerin-dermopure-therapiebegl-feuchtigkeitspflege-50-ml-13235704.html", "/produkt/basica-compact-tabletten-360-st-04787669.html", "/produkt/basica-compact-tabletten-360-st-04787669.html", "/produkt/basica-direkt-basische-mikroperlen-80-st-12472514.html", "/produkt/basica-direkt-basische-mikroperlen-80-st-12472514.html", "/produkt/ladival-kinder-sonnenschutz-spray-lsf-50-200-ml-14405835.html", "/produkt/ladival-kinder-sonnenschutz-spray-lsf-50-200-ml-14405835.html", "/produkt/loceryl-nagellack-gegen-nagelpilz-direkt-applikat-5-ml-11286181.html", "/produkt/loceryl-nagellack-gegen-nagelpilz-direkt-applikat-5-ml-11286181.html", "/kategorie/mehr-entdecken/angebote-aktionen.html", "/themenshop", "/kategorie/markenshops.html", "/kategorie/mehr-entdecken/angebote-aktionen/sonderbonuspunkte.html", "/magazin", "/contact", "/produkt/nasenduo-nasenspray-10-ml-12521543.html", "/produkt/nasenduo-nasenspray-10-ml-12521543.html", "/produkt/mometason-ratiopharm-heuschnupfenspray-18-g-12457986.html", "/produkt/mometason-ratiopharm-heuschnupfenspray-18-g-12457986.html", "/produkt/loratadin-axicur-10-mg-tabletten-100-st-14293796.html", "/produkt/loratadin-axicur-10-mg-tabletten-100-st-14293796.html", "/produkt/nasivin-nasenspray-o-kons-kleinkinder-10-ml-13246056.html", "/produkt/nasivin-nasenspray-o-kons-kleinkinder-10-ml-13246056.html", "/produkt/snup-schnupfenspray-0-1-nasenspray-10-ml-04482674.html", "/produkt/snup-schnupfenspray-0-1-nasenspray-10-ml-04482674.html", "/produkt/emser-nasenspray-20-ml-10259791.html", "/produkt/emser-nasenspray-20-ml-10259791.html", "/produkt/rhinopront-kombi-tabletten-12-st-07387611.html", "/produkt/rhinopront-kombi-tabletten-12-st-07387611.html", "/produkt/loratadin-ratiopharm-10-mg-tabletten-100-st-00142912.html", "/produkt/loratadin-ratiopharm-10-mg-tabletten-100-st-00142912.html", "/produkt/nasivin-nasenspray-o-kons-erw-u-schulkinder-10-ml-13246062.html", "/produkt/nasivin-nasenspray-o-kons-erw-u-schulkinder-10-ml-13246062.html", "/produkt/cetirizin-axicur-10-mg-filmtabletten-100-st-14293520.html", "/produkt/cetirizin-axicur-10-mg-filmtabletten-100-st-14293520.html", "/produkt/otri-allergie-nasenspray-fluticason-6-ml-12400130.html", "/produkt/otri-allergie-nasenspray-fluticason-6-ml-12400130.html", "/produkt/mometahexal-heuschnupfenspray-50-g-spr-140-spr-st-18-g-11697286.html", "/produkt/mometahexal-heuschnupfenspray-50-g-spr-140-spr-st-18-g-11697286.html", "/produkt/nasengel-al-10-g-03929328.html", "/produkt/nasengel-al-10-g-03929328.html", "/produkt/ratioallerg-heuschnupfenspray-10-ml-00704014.html", "/produkt/ratioallerg-heuschnupfenspray-10-ml-00704014.html", "/produkt/livocab-direkt-nasenspray-5-ml-00202465.html", "/produkt/livocab-direkt-nasenspray-5-ml-00202465.html", "/produkt/pollival-1-mg-ml-nasenspray-loesung-10-ml-13748585.html", "/produkt/pollival-1-mg-ml-nasenspray-loesung-10-ml-13748585.html", "/produkt/pollicrom-20-mg-ml-nasenspray-loesung-15-ml-13706664.html", "/produkt/pollicrom-20-mg-ml-nasenspray-loesung-15-ml-13706664.html", "/produkt/cromo-ratiopharm-nasenspray-konservierungsfrei-15-ml-04952619.html", "/produkt/cromo-ratiopharm-nasenspray-konservierungsfrei-15-ml-04952619.html", "/produkt/nasenspray-heumann-10-ml-07334460.html", "/produkt/nasenspray-heumann-10-ml-07334460.html", "/produkt/cetirizin-ratiopharm-bei-allergien-10-mg-filmtabl-100-st-02158165.html", "/produkt/cetirizin-ratiopharm-bei-allergien-10-mg-filmtabl-100-st-02158165.html", "/kategorie/krankheiten/allergie-heuschnupfen/laufende-nase.html?order_by=Relevance&order_direction=DESC&row=20", "/kategorie/krankheiten/allergie-heuschnupfen/laufende-nase.html?order_by=Relevance&order_direction=DESC&row=40", "/kategorie/krankheiten/allergie-heuschnupfen/laufende-nase.html?order_by=Relevance&order_direction=DESC&row=60", "/kategorie/krankheiten/allergie-heuschnupfen/laufende-nase.html?order_by=Relevance&order_direction=DESC&row=80", "/kategorie/krankheiten/allergie-heuschnupfen/laufende-nase.html?order_by=Relevance&order_direction=DESC&row=20", "https://versandhandel.dimdi.de/websearch/servlet/Gate?accessid=dimdi_var&term=e5210820b8970fe82c5abc40d0713894", "https://www.bvl.bund.de/DE/Arbeitsbereiche/05_Tierarzneimittel/04_AntragstellerUnternehmen/12_Haendlerregister/05_Tabelle/tam_haendler_node.html#TAM-H-334", "#", "http://www.bvdva.de/", "https://www.datamedis.de/download/wirleben-Apotheken-ErneuerbareEnergieZertifikat_2022.pdf", "/information/zahlungsarten.html", "/information/zahlungsarten.html", "/information/zahlungsarten.html", "/information/zahlungsarten.html", "/information/zahlungsarten.html", "/", "tel:0417184830", "tel:0417184830", "mailto:info@besamex.de", "mailto:info@besamex.de", "https://wa.me/494171848340", "https://wa.me/494171848340", "/rezept-einloesen", "/newsletter", "/catalogue.html", "/documents/products/PDF/besamex-katalog.pdf", "/quickorder", "/contact", "/information/jobs-karriere.html", "/kategorie/mehr-entdecken/angebote-aktionen/preishits.html", "/kategorie/mehr-entdecken/themenshops.html", "/kategorie/markenshops.html", "/information/bonuspunkte-bei-jedem-einkauf.html", "/kategorie/mehr-entdecken/angebote-aktionen/neu-im-shop.html", "/kategorie/mehr-entdecken/medikamente.html", "/information/ueber-uns.html", "/information/fragen-antworten.html", "/information/datenschutz.html", "/information/arzneimittelentsorgung.html", "/information/impressum.html", "/information/allgemeine-geschaeftsbedingungen.html", "/information/widerrufsbelehrung.html", "/information/versandkosten.html", "/information/zahlungsarten.html", "/ajax/content/versandkosten.40005.html", "/", "/account/forgotpassword", "/account/register/resend", "/account/register", "/", null, null, null, null, "Versandkosten", null, null, null, "/contact", "/rezept-einloesen", "/account/login", "/checkout/cart?coupon_open#couponAkkordion", "/newsletter", "/", "/kategorie/mehr-entdecken/medikamente.html", "/kategorie/mehr-entdecken/medikamente/aknecreme.html", "/kategorie/mehr-entdecken/medikamente/allergietabletten.html", "/kategorie/mehr-entdecken/medikamente/augensalbe.html", "/kategorie/mehr-entdecken/medikamente/augentropfen.html", "/kategorie/mehr-entdecken/medikamente/besenreisercreme.html", "/kategorie/mehr-entdecken/medikamente/blutverduenner.html", "/kategorie/mehr-entdecken/medikamente/creme-gegen-krampfadern.html", "/kategorie/mehr-entdecken/medikamente/erkaeltungssalbe.html", "/kategorie/mehr-entdecken/medikamente/erkaeltungstabletten.html", "/kategorie/mehr-entdecken/medikamente/halsschmerztabletten.html", "/kategorie/mehr-entdecken/medikamente/haemorrhoidensalbe.html", "/kategorie/mehr-entdecken/medikamente/herztabletten.html", "/kategorie/mehr-entdecken/medikamente/hustensaft.html", "/kategorie/mehr-entdecken/medikamente/hustenstiller.html", "/kategorie/mehr-entdecken/medikamente/kopfschmerztabletten.html", "/kategorie/mehr-entdecken/medikamente/kreislauftropfen.html", "/kategorie/mehr-entdecken/medikamente/laktoseintoleranz.html", "/kategorie/mehr-entdecken/medikamente/laeuseshampoo.html", "/kategorie/mehr-entdecken/medikamente/lippenherpescreme.html", "/kategorie/mehr-entdecken/medikamente/magentabletten.html", "/kategorie/mehr-entdecken/medikamente/magentropfen.html", "/kategorie/mehr-entdecken/medikamente/mundspray.html", "/kategorie/mehr-entdecken/medikamente/narbensalbe.html", "/kategorie/mehr-entdecken/medikamente/nasenpflaster.html", "/kategorie/mehr-entdecken/medikamente/nasenpflege.html", "/kategorie/mehr-entdecken/medikamente/nasenspray.html", "/kategorie/mehr-entdecken/medikamente/nasenspray-nasentropfen.html", "/kategorie/mehr-entdecken/medikamente/neurodermitis-creme.html", "/kategorie/mehr-entdecken/medikamente/ohrentropfen.html", "/kategorie/mehr-entdecken/medikamente/salbe-bei-zahnfleischentzuendung.html", "/kategorie/mehr-entdecken/medikamente/salbe-gegen-bluterguesse.html", "/kategorie/mehr-entdecken/medikamente/salbe-gegen-prellungen.html", "/kategorie/mehr-entdecken/medikamente/salbe-gegen-venenentzuendung.html", "/kategorie/mehr-entdecken/medikamente/salbe-gegen-zerrungen.html", "/kategorie/mehr-entdecken/medikamente/schilddruesentabletten.html", "/kategorie/mehr-entdecken/medikamente/schlaftabletten.html", "/kategorie/mehr-entdecken/medikamente/schleim-hustenloeser.html", "/kategorie/mehr-entdecken/medikamente/schmerztabletten.html", "/kategorie/mehr-entdecken/medikamente/shampoo-gegen-haarausfall.html", "/kategorie/mehr-entdecken/medikamente/sportsalbe.html", "/kategorie/mehr-entdecken/medikamente/tabletten-gegen-blasenentzuendung.html", "/kategorie/mehr-entdecken/medikamente/tabletten-gegen-durchfall.html", "/kategorie/mehr-entdecken/medikamente/tabletten-gegen-rueckenschmerzen.html", "/kategorie/mehr-entdecken/medikamente/tabletten-gegen-sodbrennen.html", "/kategorie/mehr-entdecken/medikamente/waermepflaster.html", "/kategorie/mehr-entdecken/medikamente/waermesalbe.html", "/kategorie/mehr-entdecken/medikamente/wund-heilsalbe.html", "/kategorie/mehr-entdecken/medikamente/zahnschmerztabletten.html", "/kategorie/mein-koerper.html", "/kategorie/mein-koerper/augen.html", "/kategorie/mein-koerper/augen/allergische-augen.html", "/kategorie/mein-koerper/augen/gereizte-augen.html", "/kategorie/mein-koerper/augen/hornhaut-auge.html", "/kategorie/mein-koerper/augen/kontaktlinsen-pflege.html", "/kategorie/mein-koerper/augen/trockene-augen.html", "/kategorie/mein-koerper/blase-niere-prostata.html", "/kategorie/mein-koerper/blase-niere-prostata/blasenentzuendung.html", "/kategorie/mein-koerper/blase-niere-prostata/blasenschwaeche.html", "/kategorie/mein-koerper/blase-niere-prostata/menstruationsbeschwerden.html", "/kategorie/mein-koerper/blase-niere-prostata/prostata.html", "/kategorie/mein-koerper/blase-niere-prostata/vaginale-erkrankungen.html", "/kategorie/mein-koerper/fuesse.html", "/kategorie/mein-koerper/fuesse/fusspflege.html", "/kategorie/mein-koerper/fuesse/fusspilz.html", "/kategorie/mein-koerper/fuesse/nagelpilz.html", "/kategorie/mein-koerper/gelenke-muskeln.html", "/kategorie/mein-koerper/gelenke-muskeln/arthrose.html", "/kategorie/mein-koerper/gelenke-muskeln/gelenkschmerzen.html", "/kategorie/mein-koerper/gelenke-muskeln/muskelkraempfe.html", "/kategorie/mein-koerper/gelenke-muskeln/rueckenschmerzen.html", "/kategorie/mein-koerper/hals-nase-ohren.html", "/kategorie/mein-koerper/hals-nase-ohren/halsschmerzen.html", "/kategorie/mein-koerper/hals-nase-ohren/heuschnupfen.html", "/kategorie/mein-koerper/hals-nase-ohren/mittelohrentzuendung.html", "/kategorie/mein-koerper/hals-nase-ohren/nasennebenhoehlenentzuendung.html", "/kategorie/mein-koerper/hals-nase-ohren/ohrprobleme.html", "/kategorie/mein-koerper/hals-nase-ohren/schnupfen.html", "/kategorie/mein-koerper/haende.html", "/kategorie/mein-koerper/haut-haare-naegel.html", "/kategorie/mein-koerper/haut-haare-naegel/akne.html", "/kategorie/mein-koerper/haut-haare-naegel/besenreiser.html", "/kategorie/mein-koerper/haut-haare-naegel/ekzeme.html", "/kategorie/mein-koerper/haut-haare-naegel/haarausfall.html", "/kategorie/mein-koerper/haut-haare-naegel/haarprodukte.html", "/kategorie/mein-koerper/haut-haare-naegel/krampfadern.html", "/kategorie/mein-koerper/haut-haare-naegel/laeuse.html", "/kategorie/mein-koerper/haut-haare-naegel/neurodermitis.html", "/kategorie/mein-koerper/haut-haare-naegel/pilzinfektion.html", "/kategorie/mein-koerper/haut-haare-naegel/warzen-huehneraugen.html", "/kategorie/mein-koerper/herz-kreislauf.html", "/kategorie/mein-koerper/herz-kreislauf/blutarmut.html", "/kategorie/mein-koerper/herz-kreislauf/blutdruck.html", "/kategorie/mein-koerper/herz-kreislauf/cholesterin-senken.html", "/kategorie/mein-koerper/herz-kreislauf/durchblutungsstoerung.html", "/kategorie/mein-koerper/herz-kreislauf/kreislaufstaerkung.html", "/kategorie/mein-koerper/herz-kreislauf/messgeraete-fuer-blutdruck.html", "/kategorie/mein-koerper/herz-kreislauf/venenentzuendung.html", "/kategorie/mein-koerper/immunsystem.html", "/kategorie/mein-koerper/kopf.html", "/kategorie/mein-koerper/kopf/fieber.html", "/kategorie/mein-koerper/kopf/kopfschmerzen.html", "/kategorie/mein-koerper/kopf/migraene.html", "/kategorie/mein-koerper/magen-darm.html", "/kategorie/mein-koerper/magen-darm/blaehungen.html", "/kategorie/mein-koerper/magen-darm/darmsanierung.html", "/kategorie/mein-koerper/magen-darm/durchfall.html", "/kategorie/mein-koerper/magen-darm/gallenbeschwerden.html", "/kategorie/mein-koerper/magen-darm/haemorrhoiden.html", "/kategorie/mein-koerper/magen-darm/laktoseintoleranz.html", "/kategorie/mein-koerper/magen-darm/leberbeschwerden.html", "/kategorie/mein-koerper/magen-darm/magen-darm-grippe.html", "/kategorie/mein-koerper/magen-darm/magenschleimhautentzuendung.html", "/kategorie/mein-koerper/magen-darm/magenschmerzen.html", "/kategorie/mein-koerper/magen-darm/sodbrennen.html", "/kategorie/mein-koerper/magen-darm/uebelkeit.html", "/kategorie/mein-koerper/magen-darm/verstopfung.html", "/kategorie/mein-koerper/mund-rachen-zahn.html", "/kategorie/mein-koerper/mund-rachen-zahn/3-zaehne.html", "/kategorie/mein-koerper/mund-rachen-zahn/aphten-schleimhautentzuendung.html", "/kategorie/mein-koerper/mund-rachen-zahn/empfindliche-zaehne.html", "/kategorie/mein-koerper/mund-rachen-zahn/interdental.html", "/kategorie/mein-koerper/mund-rachen-zahn/kaputte-trockene-lippen.html", "/kategorie/mein-koerper/mund-rachen-zahn/mundgeruch.html", "/kategorie/mein-koerper/mund-rachen-zahn/rachenentzuendung.html", "/kategorie/mein-koerper/mund-rachen-zahn/schnarchen.html", "/kategorie/mein-koerper/mund-rachen-zahn/zahnbuersten.html", "/kategorie/mein-koerper/mund-rachen-zahn/zahnfleischbluten.html", "/kategorie/mein-koerper/mund-rachen-zahn/zahnfleischentzuendung.html", "/kategorie/mein-koerper/mund-rachen-zahn/zahnpasta.html", "/kategorie/mein-koerper/mund-rachen-zahn/zahnpflege-baby-kinder.html", "/kategorie/mein-koerper/mund-rachen-zahn/zahnschmerzen.html", "/kategorie/mein-koerper/psyche.html", "/kategorie/mein-koerper/psyche/einschlafprobleme.html", "/kategorie/mein-koerper/psyche/gedaechtnisprobleme.html", "/kategorie/mein-koerper/psyche/nervoese-unruhe.html", "/kategorie/mein-koerper/psyche/neuropathien.html", "/kategorie/mein-koerper/schilddruese.html", "/kategorie/mein-koerper/schilddruese/schilddruesenueberfunktion.html", "/kategorie/mein-koerper/schilddruese/schilddruesenunterfunktion.html", "/kategorie/krankheiten.html", "/kategorie/krankheiten/allergie-heuschnupfen.html", "/kategorie/krankheiten/allergie-heuschnupfen/juckende-augen.html", "/kategorie/krankheiten/allergie-heuschnupfen/kombipraeparate.html", "/kategorie/krankheiten/allergie-heuschnupfen/laufende-nase.html", "/kategorie/krankheiten/blasenentzuendung.html", "/kategorie/krankheiten/bluthochdruck.html", "/kategorie/krankheiten/depression.html", "/kategorie/krankheiten/diabetes.html", "/kategorie/krankheiten/diabetes/batterien.html", "/kategorie/krankheiten/diabetes/blutzuckermessgeraete.html", "/kategorie/krankheiten/diabetes/blutzuckerteststreifen.html", "/kategorie/krankheiten/diabetes/desinfektionsmittel-wundversorgung.html", "/kategorie/krankheiten/diabetes/einmalspritzen.html", "/kategorie/krankheiten/diabetes/harnteststreifen.html", "/kategorie/krankheiten/diabetes/haut-fusspflege.html", "/kategorie/krankheiten/diabetes/kanuelen-pennadeln.html", "/kategorie/krankheiten/diabetes/kontrolloesungen.html", "/kategorie/krankheiten/diabetes/kuehl-taschensystem.html", "/kategorie/krankheiten/diabetes/lanzetten.html", "/kategorie/krankheiten/diabetes/neuropathien.html", "/kategorie/krankheiten/diabetes/pens.html", "/kategorie/krankheiten/diabetes/pumpen-zubehoer.html", "/kategorie/krankheiten/diabetes/socken.html", "/kategorie/krankheiten/diabetes/sonstiges.html", "/kategorie/krankheiten/diabetes/stechhilfen.html", "/kategorie/krankheiten/diabetes/vitamine-nahrungsergaenzungsmittel.html", "/kategorie/krankheiten/durchfall.html", "/kategorie/krankheiten/erkaeltung.html", "/kategorie/krankheiten/fieber.html", "/kategorie/krankheiten/fusspilz.html", "/kategorie/krankheiten/grippe.html", "/kategorie/krankheiten/husten.html", "/kategorie/krankheiten/husten/hustenstiller.html", "/kategorie/krankheiten/husten/hustentropfen.html", "/kategorie/krankheiten/husten/schleimloeser-hustenloeser.html", "/kategorie/krankheiten/inkontinenz.html", "/kategorie/krankheiten/inkontinenz/fixierhosen.html", "/kategorie/krankheiten/inkontinenz/pants-windeln.html", "/kategorie/krankheiten/inkontinenz/vorlagen.html", "/kategorie/krankheiten/magen-darm-grippe.html", "/kategorie/krankheiten/migraene.html", "/kategorie/krankheiten/neurodermitis.html", "/kategorie/krankheiten/osteoporose.html", "/kategorie/krankheiten/pilzinfektionen.html", "/kategorie/krankheiten/pilzinfektionen/fusspilz.html", "/kategorie/krankheiten/pilzinfektionen/intimbereich.html", "/kategorie/krankheiten/pilzinfektionen/nagelpilz.html", "/kategorie/krankheiten/pilzinfektionen/sonstiges.html", "/kategorie/krankheiten/rheuma.html", "/kategorie/krankheiten/schmerzen.html", "/kategorie/krankheiten/schmerzen/gelenkschmerzen.html", "/kategorie/krankheiten/schmerzen/halsschmerzen.html", "/kategorie/krankheiten/schmerzen/kopfschmerzen-migraene.html", "/kategorie/krankheiten/schmerzen/regelschmerzen.html", "/kategorie/krankheiten/schmerzen/rueckenschmerzen.html", "/kategorie/krankheiten/schmerzen/zahnschmerzen.html", "/kategorie/krankheiten/verstopfung.html", "/kategorie/natur-homoeopathie.html", "/kategorie/natur-homoeopathie/bachblueten.html", "/kategorie/natur-homoeopathie/bachblueten/bachblueten-globuli.html", "/kategorie/natur-homoeopathie/bachblueten/bachblueten-rescura-creme.html", "/kategorie/natur-homoeopathie/bachblueten/bachblueten-rescura-night.html", "/kategorie/natur-homoeopathie/bachblueten/bachblueten-rescura-pastillen.html", "/kategorie/natur-homoeopathie/bachblueten/bachblueten-rescura-tropfen.html", "/kategorie/natur-homoeopathie/bachblueten/bachblueten-set.html", "/kategorie/natur-homoeopathie/bachblueten/bachblueten-tropfen.html", "/kategorie/natur-homoeopathie/enzyme.html", "/kategorie/natur-homoeopathie/homoeopathische-einzelmittel.html", "/kategorie/natur-homoeopathie/homoeopathische-einzelmittel/aconitum.html", "/kategorie/natur-homoeopathie/homoeopathische-einzelmittel/apis-mellifica.html", "/kategorie/natur-homoeopathie/homoeopathische-einzelmittel/argentum-nitricum.html", "/kategorie/natur-homoeopathie/homoeopathische-einzelmittel/arnica.html", "/kategorie/natur-homoeopathie/homoeopathische-einzelmittel/arsenicum-album.html", "/kategorie/natur-homoeopathie/homoeopathische-einzelmittel/belladonna.html", "/kategorie/natur-homoeopathie/homoeopathische-einzelmittel/bryonia.html", "/kategorie/natur-homoeopathie/homoeopathische-einzelmittel/calendula.html", "/kategorie/natur-homoeopathie/homoeopathische-einzelmittel/calendumed.html", "/kategorie/natur-homoeopathie/homoeopathische-einzelmittel/cantharis.html", "/kategorie/natur-homoeopathie/homoeopathische-einzelmittel/chamomilla.html", "/kategorie/natur-homoeopathie/homoeopathische-einzelmittel/coffea.html", "/kategorie/natur-homoeopathie/homoeopathische-einzelmittel/echinacea.html", "/kategorie/natur-homoeopathie/homoeopathische-einzelmittel/euphrasia.html", "/kategorie/natur-homoeopathie/homoeopathische-einzelmittel/ferrum-phosphoricum.html", "/kategorie/natur-homoeopathie/homoeopathische-einzelmittel/gelsemium.html", "/kategorie/natur-homoeopathie/homoeopathische-einzelmittel/lachesis.html", "/kategorie/natur-homoeopathie/homoeopathische-einzelmittel/lycopodium.html", "/kategorie/natur-homoeopathie/homoeopathische-einzelmittel/nux-vomica.html", "/kategorie/natur-homoeopathie/homoeopathische-einzelmittel/okoubaka.html", "/kategorie/natur-homoeopathie/homoeopathische-einzelmittel/pulsatilla.html", "/kategorie/natur-homoeopathie/homoeopathische-einzelmittel/rhus-toxicodendron.html", "/kategorie/natur-homoeopathie/homoeopathische-einzelmittel/sepia.html", "/kategorie/natur-homoeopathie/homoeopathische-einzelmittel/silicea.html", "/kategorie/natur-homoeopathie/homoeopathische-einzelmittel/sulfur.html", "/kategorie/natur-homoeopathie/homoeopathische-hausapotheke.html", "/kategorie/natur-homoeopathie/homoeopathische-komplexmittel.html", "/kategorie/natur-homoeopathie/homoeopathische-komplexmittel/abnehmen.html", "/kategorie/natur-homoeopathie/homoeopathische-komplexmittel/allergie.html", "/kategorie/natur-homoeopathie/homoeopathische-komplexmittel/arthrose-rheuma.html", "/kategorie/natur-homoeopathie/homoeopathische-komplexmittel/baby-kind.html", "/kategorie/natur-homoeopathie/homoeopathische-komplexmittel/blasenentzuendung.html", "/kategorie/natur-homoeopathie/homoeopathische-komplexmittel/depression.html", "/kategorie/natur-homoeopathie/homoeopathische-komplexmittel/erkaeltung.html", "/kategorie/natur-homoeopathie/homoeopathische-komplexmittel/haut.html", "/kategorie/natur-homoeopathie/homoeopathische-komplexmittel/herz-kreislauf.html", "/kategorie/natur-homoeopathie/homoeopathische-komplexmittel/innere-unruhe-erschoepfung.html", "/kategorie/natur-homoeopathie/homoeopathische-komplexmittel/magen-darm.html", "/kategorie/natur-homoeopathie/homoeopathische-komplexmittel/schwangerschaft.html", "/kategorie/natur-homoeopathie/homoeopathische-komplexmittel/wechseljahre.html", "/kategorie/natur-homoeopathie/naturheilmittel.html", "/kategorie/natur-homoeopathie/naturheilmittel/algen.html", "/kategorie/natur-homoeopathie/naturheilmittel/aloe-vera.html", "/kategorie/natur-homoeopathie/naturheilmittel/apfelessig.html", "/kategorie/natur-homoeopathie/naturheilmittel/artischocke.html", "/kategorie/natur-homoeopathie/naturheilmittel/baldrian-hopfen-melisse.html", "/kategorie/natur-homoeopathie/naturheilmittel/baerentraube.html", "/kategorie/natur-homoeopathie/naturheilmittel/birke.html", "/kategorie/natur-homoeopathie/naturheilmittel/brennnessel.html", "/kategorie/natur-homoeopathie/naturheilmittel/cimicifuga.html", "/kategorie/natur-homoeopathie/naturheilmittel/cranberry.html", "/kategorie/natur-homoeopathie/naturheilmittel/echinacea.html", "/kategorie/natur-homoeopathie/naturheilmittel/efeu.html", "/kategorie/natur-homoeopathie/naturheilmittel/enzyme.html", "/kategorie/natur-homoeopathie/naturheilmittel/flohsamen.html", "/kategorie/natur-homoeopathie/naturheilmittel/gelatine.html", "/kategorie/natur-homoeopathie/naturheilmittel/gelee-royal.html", "/kategorie/natur-homoeopathie/naturheilmittel/ginkgo.html", "/kategorie/natur-homoeopathie/naturheilmittel/ginseng.html", "/kategorie/natur-homoeopathie/naturheilmittel/hamamelis.html", "/kategorie/natur-homoeopathie/naturheilmittel/heilerde.html", "/kategorie/natur-homoeopathie/naturheilmittel/johanniskraut.html", "/kategorie/natur-homoeopathie/naturheilmittel/knoblauch.html", "/kategorie/natur-homoeopathie/naturheilmittel/kuerbiskerne.html", "/kategorie/natur-homoeopathie/naturheilmittel/lebertran.html", "/kategorie/natur-homoeopathie/naturheilmittel/leinsamen.html", "/kategorie/natur-homoeopathie/naturheilmittel/mariendistel.html", "/kategorie/natur-homoeopathie/naturheilmittel/mistel.html", "/kategorie/natur-homoeopathie/naturheilmittel/moenchspfeffer.html", "/kategorie/natur-homoeopathie/naturheilmittel/muschelkonzentrat.html", "/kategorie/natur-homoeopathie/naturheilmittel/nachtkerzenoel.html", "/kategorie/natur-homoeopathie/naturheilmittel/omega-3-lachsoel.html", "/kategorie/natur-homoeopathie/naturheilmittel/pfefferminze.html", "/kategorie/natur-homoeopathie/naturheilmittel/primelwurzel.html", "/kategorie/natur-homoeopathie/naturheilmittel/propolis.html", "/kategorie/natur-homoeopathie/naturheilmittel/rosskastanie.html", "/kategorie/natur-homoeopathie/naturheilmittel/saegepalmfruechte.html", "/kategorie/natur-homoeopathie/naturheilmittel/schwarzkuemmel.html", "/kategorie/natur-homoeopathie/naturheilmittel/spirulina.html", "/kategorie/natur-homoeopathie/naturheilmittel/spitzwegerich.html", "/kategorie/natur-homoeopathie/naturheilmittel/teufelskralle.html", "/kategorie/natur-homoeopathie/naturheilmittel/weidenrinde.html", "/kategorie/natur-homoeopathie/naturheilmittel/weihrauch.html", "/kategorie/natur-homoeopathie/naturheilmittel/weissdorn.html", "/kategorie/natur-homoeopathie/pflanzliche-medikamente.html", "/kategorie/natur-homoeopathie/pflanzliche-medikamente/angst.html", "/kategorie/natur-homoeopathie/pflanzliche-medikamente/beruhigungsmittel.html", "/kategorie/natur-homoeopathie/pflanzliche-medikamente/depression.html", "/kategorie/natur-homoeopathie/pflanzliche-medikamente/erkaeltung.html", "/kategorie/natur-homoeopathie/pflanzliche-medikamente/wechseljahre.html", "/kategorie/natur-homoeopathie/schuessler-salze.html", "/kategorie/natur-homoeopathie/schuessler-salze/nr-1-calcium-fluoratum.html", "/kategorie/natur-homoeopathie/schuessler-salze/schuessler-globuli.html", "/kategorie/natur-homoeopathie/schuessler-salze/nr-2-calcium-phosphoricum.html", "/kategorie/natur-homoeopathie/schuessler-salze/nr-3-ferrum-phosphoricum.html", "/kategorie/natur-homoeopathie/schuessler-salze/nr-4-kalium-chloratum.html", "/kategorie/natur-homoeopathie/schuessler-salze/nr-5-kalium-phosphoricum.html", "/kategorie/natur-homoeopathie/schuessler-salze/nr-6-kalium-sulfuricum.html", "/kategorie/natur-homoeopathie/schuessler-salze/nr-7-magnesium-phosphoricum.html", "/kategorie/natur-homoeopathie/schuessler-salze/nr-8-natrium-chloratum.html", "/kategorie/natur-homoeopathie/schuessler-salze/nr-9-natrium-phosphoricum.html", "/kategorie/natur-homoeopathie/schuessler-salze/nr-10-natrium-sulfuricum.html", "/kategorie/natur-homoeopathie/schuessler-salze/nr-11-silicea.html", "/kategorie/natur-homoeopathie/schuessler-salze/nr-12-calcium-sulfuricum.html", "/kategorie/natur-homoeopathie/schuessler-salze/nr-13-kalium-arsenicosum.html", "/kategorie/natur-homoeopathie/schuessler-salze/nr-14-kalium-bromatum.html", "/kategorie/natur-homoeopathie/schuessler-salze/nr-15-kalium-jodatum.html", "/kategorie/natur-homoeopathie/schuessler-salze/nr-16-lithium-chloratum.html", "/kategorie/natur-homoeopathie/schuessler-salze/nr-17-manganum-sulfuricum.html", "/kategorie/natur-homoeopathie/schuessler-salze/nr-18-calcium-sulfuratum-hahnemanni.html", "/kategorie/natur-homoeopathie/schuessler-salze/nr-19-cuprum-arsenicosum.html", "/kategorie/natur-homoeopathie/schuessler-salze/nr-20-kalium-aluminium-sulfuricum.html", "/kategorie/natur-homoeopathie/schuessler-salze/nr-21-zincum-chloratum.html", "/kategorie/natur-homoeopathie/schuessler-salze/nr-22-calcium-carbonicum-hahnemanni.html", "/kategorie/natur-homoeopathie/schuessler-salze/nr-23-natrium-bicarbonicum.html", "/kategorie/natur-homoeopathie/schuessler-salze/nr-24-arsenum-jodatum.html", "/kategorie/natur-homoeopathie/schuessler-salze/nr-25-aurum-chloratum-natronatum.html", "/kategorie/natur-homoeopathie/schuessler-salze/nr-26-selenium.html", "/kategorie/natur-homoeopathie/schuessler-salze/nr-27-kalium-bichromicum.html", "/kategorie/natur-homoeopathie/schuessler-salze/schuessler-salbe.html", "/kategorie/natur-homoeopathie/schuessler-salze/schuessler-salbe/nr-1-calcium-fluoratum.html", "/kategorie/natur-homoeopathie/schuessler-salze/schuessler-salbe/nr-2-calcium-phosphoricum.html", "/kategorie/natur-homoeopathie/schuessler-salze/schuessler-salbe/nr-3-ferrum-phosphoricum.html", "/kategorie/natur-homoeopathie/schuessler-salze/schuessler-salbe/nr-4-kalium-chloratum.html", "/kategorie/natur-homoeopathie/schuessler-salze/schuessler-salbe/nr-5-kalium-phosphoricum.html", "/kategorie/natur-homoeopathie/schuessler-salze/schuessler-salbe/nr-6-kalium-sulfuricum.html", "/kategorie/natur-homoeopathie/schuessler-salze/schuessler-salbe/nr-7-magnesium-phosphoricum.html", "/kategorie/natur-homoeopathie/schuessler-salze/schuessler-salbe/nr-8-natrium-chloratum.html", "/kategorie/natur-homoeopathie/schuessler-salze/schuessler-salbe/nr-9-natrium-phosphoricum.html", "/kategorie/natur-homoeopathie/schuessler-salze/schuessler-salbe/nr-10-natrium-sulfuricum.html", "/kategorie/natur-homoeopathie/schuessler-salze/schuessler-salbe/nr-11-silicea.html", "/kategorie/natur-homoeopathie/schuessler-salze/schuessler-salbe/nr-12-calcium-sulfuricum.html", "/kategorie/schoenheit-pflege.html", "/kategorie/schoenheit-pflege/augen.html", "/kategorie/schoenheit-pflege/augen/anti-age.html", "/kategorie/schoenheit-pflege/augen/mischhaut.html", "/kategorie/schoenheit-pflege/augen/normale-haut.html", "/kategorie/schoenheit-pflege/augen/trockene-haut.html", "/kategorie/schoenheit-pflege/dekorative-kosmetik.html", "/kategorie/schoenheit-pflege/dekorative-kosmetik/concealer.html", "/kategorie/schoenheit-pflege/dekorative-kosmetik/fixierung-puder.html", "/kategorie/schoenheit-pflege/dekorative-kosmetik/foundation.html", "/kategorie/schoenheit-pflege/dekorative-kosmetik/nagelpflege.html", "/kategorie/schoenheit-pflege/dekorative-kosmetik/schminkutensilien.html", "/kategorie/schoenheit-pflege/fusspflege.html", "/kategorie/schoenheit-pflege/fusspflege/empfindliche-haut.html", "/kategorie/schoenheit-pflege/fusspflege/normale-haut.html", "/kategorie/schoenheit-pflege/fusspflege/trockene-haut.html", "/kategorie/schoenheit-pflege/gesichtspflege.html", "/kategorie/schoenheit-pflege/gesichtspflege/anti-age.html", "/kategorie/schoenheit-pflege/gesichtspflege/empfindliche-haut.html", "/kategorie/schoenheit-pflege/gesichtspflege/fettige-haut.html", "/kategorie/schoenheit-pflege/gesichtspflege/lippenpflege.html", "/kategorie/schoenheit-pflege/gesichtspflege/mischhaut.html", "/kategorie/schoenheit-pflege/gesichtspflege/nachtpflege.html", "/kategorie/schoenheit-pflege/gesichtspflege/normale-haut.html", "/kategorie/schoenheit-pflege/gesichtspflege/reinigung.html", "/kategorie/schoenheit-pflege/gesichtspflege/tagespflege.html", "/kategorie/schoenheit-pflege/gesichtspflege/trockene-haut.html", "/kategorie/schoenheit-pflege/gesichtspflege/zahnpflege-mundhygiene.html", "/kategorie/schoenheit-pflege/handpflege.html", "/kategorie/schoenheit-pflege/handpflege/anti-age.html", "/kategorie/schoenheit-pflege/handpflege/empfindliche-haut.html", "/kategorie/schoenheit-pflege/handpflege/mischhaut.html", "/kategorie/schoenheit-pflege/handpflege/normale-haut.html", "/kategorie/schoenheit-pflege/handpflege/trockene-haut.html", "/kategorie/schoenheit-pflege/kopf-haare.html", "/kategorie/schoenheit-pflege/kopf-haare/pflege.html", "/kategorie/schoenheit-pflege/kopf-haare/shampoo.html", "/kategorie/schoenheit-pflege/koerperpflege.html", "/kategorie/schoenheit-pflege/koerperpflege/anti-age.html", "/kategorie/schoenheit-pflege/koerperpflege/cellulite.html", "/kategorie/schoenheit-pflege/koerperpflege/deodorant.html", "/kategorie/schoenheit-pflege/koerperpflege/duschgel-seifen.html", "/kategorie/schoenheit-pflege/koerperpflege/empfindliche-haut.html", "/kategorie/schoenheit-pflege/koerperpflege/fettige-unreine-haut.html", "/kategorie/schoenheit-pflege/koerperpflege/fusspflege.html", "/kategorie/schoenheit-pflege/koerperpflege/handpflege.html", "/kategorie/schoenheit-pflege/koerperpflege/hautpflege.html", "/kategorie/schoenheit-pflege/koerperpflege/intimpflege.html", "/kategorie/schoenheit-pflege/koerperpflege/mischhaut.html", "/kategorie/schoenheit-pflege/koerperpflege/normale-haut.html", "/kategorie/schoenheit-pflege/koerperpflege/trockene-haut.html", "/kategorie/schoenheit-pflege/maennerpflege.html", "/kategorie/schoenheit-pflege/maennerpflege/aftershave.html", "/kategorie/schoenheit-pflege/maennerpflege/deo.html", "/kategorie/schoenheit-pflege/maennerpflege/gesichtscreme.html", "/kategorie/schoenheit-pflege/maennerpflege/koerperpflege.html", "/kategorie/schoenheit-pflege/maennerpflege/rasiercreme.html", "/kategorie/schoenheit-pflege/naturkosmetik.html", "/kategorie/schoenheit-pflege/schoenheit-von-innen.html", "/kategorie/schoenheit-pflege/sonnenschutz.html", "/kategorie/schoenheit-pflege/sonnenschutz/after-sun.html", "/kategorie/schoenheit-pflege/sonnenschutz/allergie.html", "/kategorie/schoenheit-pflege/sonnenschutz/baby-kind.html", "/kategorie/schoenheit-pflege/sonnenschutz/empfindliche-haut.html", "/kategorie/schoenheit-pflege/sonnenschutz/fettige-haut.html", "/kategorie/schoenheit-pflege/sonnenschutz/selbstbraeuner.html", "/kategorie/schoenheit-pflege/sonnenschutz/trockene-haut.html", "/kategorie/schoenheit-pflege/wellness.html", "/kategorie/schoenheit-pflege/wellness/badezusaetze.html", "/kategorie/schoenheit-pflege/wellness/entspannung.html", "/kategorie/schoenheit-pflege/wellness/massage.html", "/kategorie/schoenheit-pflege/wellness/sauna.html", "/kategorie/mehr-entdecken.html", "/kategorie/mehr-entdecken/angebote-aktionen.html", "/kategorie/mehr-entdecken/angebote-aktionen/neu-im-shop.html", "/kategorie/mehr-entdecken/angebote-aktionen/preishits.html", "/kategorie/mehr-entdecken/angebote-aktionen/restposten.html", "/kategorie/mehr-entdecken/angebote-aktionen/sonderbonuspunkte.html", "/kategorie/mehr-entdecken/besamex-podcast.html", "/kategorie/mehr-entdecken/buecher-geschenkartikel.html", "/kategorie/mehr-entdecken/buecher-geschenkartikel/buecher.html", "/kategorie/mehr-entdecken/buecher-geschenkartikel/geschenkartikel.html", "/kategorie/mehr-entdecken/diaet-abnehmen.html", "/kategorie/mehr-entdecken/diaet-abnehmen/diaetshakes-abnehmpulver.html", "/kategorie/mehr-entdecken/diaet-abnehmen/eiweisspraeparate.html", "/kategorie/mehr-entdecken/diaet-abnehmen/entschlackung.html", "/kategorie/mehr-entdecken/diaet-abnehmen/entwaesserung.html", "/kategorie/mehr-entdecken/diaet-abnehmen/kalorienreduktion.html", "/kategorie/mehr-entdecken/diaet-abnehmen/saettigungsmittel.html", "/kategorie/mehr-entdecken/diaet-abnehmen/zuckerersatz.html", "/kategorie/mehr-entdecken/familie.html", "/kategorie/mehr-entdecken/familie/baby-kindergesundheit.html", "/kategorie/mehr-entdecken/familie/babypflege.html", "/kategorie/mehr-entdecken/familie/kinderwunsch.html", "/kategorie/mehr-entdecken/familie/schnuller-zubehoer.html", "/kategorie/mehr-entdecken/familie/schwangerschaft-stillzeit.html", "/kategorie/mehr-entdecken/fuer-die-guten-vorsaetze-2023.html", "/kategorie/mehr-entdecken/fuer-die-guten-vorsaetze-2023/abnehmen.html", "/kategorie/mehr-entdecken/fuer-die-guten-vorsaetze-2023/mehr-sport.html", "/kategorie/mehr-entdecken/fuer-die-guten-vorsaetze-2023/weniger-rauchen.html", "/kategorie/mehr-entdecken/haeufigste-krankheiten.html", "/kategorie/mehr-entdecken/haeufigste-krankheiten/allergie.html", "/kategorie/mehr-entdecken/haeufigste-krankheiten/erkaeltung.html", "/kategorie/mehr-entdecken/haeufigste-krankheiten/fieber.html", "/kategorie/mehr-entdecken/haeufigste-krankheiten/grippe.html", "/kategorie/mehr-entdecken/haeufigste-krankheiten/magen-darm-grippe.html", "/kategorie/mehr-entdecken/haeufigste-krankheiten/schnupfen.html", "/kategorie/mehr-entdecken/liebe-sexualitaet.html", "/kategorie/mehr-entdecken/liebe-sexualitaet/gleitmittel.html", "/kategorie/mehr-entdecken/liebe-sexualitaet/intimpflege.html", "/kategorie/mehr-entdecken/liebe-sexualitaet/kondome.html", "/kategorie/mehr-entdecken/liebe-sexualitaet/natuerliche-verhuetung.html", "/kategorie/mehr-entdecken/liebe-sexualitaet/potenzmittel.html", "/kategorie/mehr-entdecken/liebe-sexualitaet/schwangerschaftstests.html", "/kategorie/mehr-entdecken/liebe-sexualitaet/verhuetungscomputer.html", "/kategorie/mehr-entdecken/markenshops.html", "/kategorie/mehr-entdecken/medikamente.html", "/kategorie/mehr-entdecken/medikamente/aknecreme.html", "/kategorie/mehr-entdecken/medikamente/allergietabletten.html", "/kategorie/mehr-entdecken/medikamente/augensalbe.html", "/kategorie/mehr-entdecken/medikamente/augentropfen.html", "/kategorie/mehr-entdecken/medikamente/besenreisercreme.html", "/kategorie/mehr-entdecken/medikamente/blutverduenner.html", "/kategorie/mehr-entdecken/medikamente/creme-gegen-krampfadern.html", "/kategorie/mehr-entdecken/medikamente/erkaeltungssalbe.html", "/kategorie/mehr-entdecken/medikamente/erkaeltungstabletten.html", "/kategorie/mehr-entdecken/medikamente/halsschmerztabletten.html", "/kategorie/mehr-entdecken/medikamente/haemorrhoidensalbe.html", "/kategorie/mehr-entdecken/medikamente/herztabletten.html", "/kategorie/mehr-entdecken/medikamente/hustensaft.html", "/kategorie/mehr-entdecken/medikamente/hustenstiller.html", "/kategorie/mehr-entdecken/medikamente/kopfschmerztabletten.html", "/kategorie/mehr-entdecken/medikamente/kreislauftropfen.html", "/kategorie/mehr-entdecken/medikamente/laktoseintoleranz.html", "/kategorie/mehr-entdecken/medikamente/laeuseshampoo.html", "/kategorie/mehr-entdecken/medikamente/lippenherpescreme.html", "/kategorie/mehr-entdecken/medikamente/magentabletten.html", "/kategorie/mehr-entdecken/medikamente/magentropfen.html", "/kategorie/mehr-entdecken/medikamente/mundspray.html", "/kategorie/mehr-entdecken/medikamente/narbensalbe.html", "/kategorie/mehr-entdecken/medikamente/nasenpflaster.html", "/kategorie/mehr-entdecken/medikamente/nasenpflege.html", "/kategorie/mehr-entdecken/medikamente/nasenspray.html", "/kategorie/mehr-entdecken/medikamente/nasenspray-nasentropfen.html", "/kategorie/mehr-entdecken/medikamente/neurodermitis-creme.html", "/kategorie/mehr-entdecken/medikamente/ohrentropfen.html", "/kategorie/mehr-entdecken/medikamente/salbe-bei-zahnfleischentzuendung.html", "/kategorie/mehr-entdecken/medikamente/salbe-gegen-bluterguesse.html", "/kategorie/mehr-entdecken/medikamente/salbe-gegen-prellungen.html", "/kategorie/mehr-entdecken/medikamente/salbe-gegen-venenentzuendung.html", "/kategorie/mehr-entdecken/medikamente/salbe-gegen-zerrungen.html", "/kategorie/mehr-entdecken/medikamente/schilddruesentabletten.html", "/kategorie/mehr-entdecken/medikamente/schlaftabletten.html", "/kategorie/mehr-entdecken/medikamente/schleim-hustenloeser.html", "/kategorie/mehr-entdecken/medikamente/schmerztabletten.html", "/kategorie/mehr-entdecken/medikamente/shampoo-gegen-haarausfall.html", "/kategorie/mehr-entdecken/medikamente/sportsalbe.html", "/kategorie/mehr-entdecken/medikamente/tabletten-gegen-blasenentzuendung.html", "/kategorie/mehr-entdecken/medikamente/tabletten-gegen-durchfall.html", "/kategorie/mehr-entdecken/medikamente/tabletten-gegen-rueckenschmerzen.html", "/kategorie/mehr-entdecken/medikamente/tabletten-gegen-sodbrennen.html", "/kategorie/mehr-entdecken/medikamente/waermepflaster.html", "/kategorie/mehr-entdecken/medikamente/waermesalbe.html", "/kategorie/mehr-entdecken/medikamente/wund-heilsalbe.html", "/kategorie/mehr-entdecken/medikamente/zahnschmerztabletten.html", "/kategorie/mehr-entdecken/medizinische-geraete.html", "/kategorie/mehr-entdecken/medizinische-geraete/batterien.html", "/kategorie/mehr-entdecken/medizinische-geraete/infrarotlampen-heizkissen.html", "/kategorie/mehr-entdecken/medizinische-geraete/inhalatoren.html", "/kategorie/mehr-entdecken/medizinische-geraete/massage.html", "/kategorie/mehr-entdecken/medizinische-geraete/muskelstimulation.html", "/kategorie/mehr-entdecken/medizinische-geraete/nasensauger.html", "/kategorie/mehr-entdecken/medizinische-geraete/thermometer.html", "/kategorie/mehr-entdecken/medizinische-geraete/waagen.html", "/kategorie/mehr-entdecken/reise.html", "/kategorie/mehr-entdecken/reise/blasenpflaster.html", "/kategorie/mehr-entdecken/reise/desinfektion.html", "/kategorie/mehr-entdecken/reise/homoeopathische-reiseapotheke.html", "/kategorie/mehr-entdecken/reise/insektenschutz.html", "/kategorie/mehr-entdecken/reise/reiseuebelkeit-erbrechen.html", "/kategorie/mehr-entdecken/sanitaetsbedarf.html", "/kategorie/mehr-entdecken/sanitaetsbedarf/bandagen.html", "/kategorie/mehr-entdecken/sanitaetsbedarf/krankenunterlagen.html", "/kategorie/mehr-entdecken/sanitaetsbedarf/medikamentendosierer.html", "/kategorie/mehr-entdecken/sanitaetsbedarf/sonstiges.html", "/kategorie/mehr-entdecken/sanitaetsbedarf/spender.html", "/kategorie/mehr-entdecken/sanitaetsbedarf/waermflasche.html", "/kategorie/mehr-entdecken/sport-fitness.html", "/kategorie/mehr-entdecken/sport-fitness/aufbaupraeparate.html", "/kategorie/mehr-entdecken/sport-fitness/muskelschmerzen.html", "/kategorie/mehr-entdecken/sport-fitness/sportverletzungen.html", "/kategorie/mehr-entdecken/sport-fitness/trainingszubehoer.html", "/kategorie/mehr-entdecken/stuetzstruempfe.html", "/kategorie/mehr-entdecken/tee-bonbons.html", "/kategorie/mehr-entdecken/tee-bonbons/bonbons.html", "/kategorie/mehr-entdecken/tee-bonbons/tee.html", "/kategorie/mehr-entdecken/themenshops.html", "/kategorie/mehr-entdecken/tierapotheke.html", "/kategorie/mehr-entdecken/tierapotheke/hund.html", "/kategorie/mehr-entdecken/tierapotheke/katze.html", "/kategorie/mehr-entdecken/tierapotheke/pferd.html", "/kategorie/mehr-entdecken/verletzungen-wundversorgung-desinfektion.html", "/kategorie/mehr-entdecken/verletzungen-wundversorgung-desinfektion/desinfektionsmittel.html", "/kategorie/mehr-entdecken/verletzungen-wundversorgung-desinfektion/erste-hilfe.html", "/kategorie/mehr-entdecken/verletzungen-wundversorgung-desinfektion/fixieren.html", "/kategorie/mehr-entdecken/verletzungen-wundversorgung-desinfektion/gipsbinden.html", "/kategorie/mehr-entdecken/verletzungen-wundversorgung-desinfektion/hansaplast.html", "/kategorie/mehr-entdecken/verletzungen-wundversorgung-desinfektion/idealbinden.html", "/kategorie/mehr-entdecken/verletzungen-wundversorgung-desinfektion/kalt-warm-kompressen.html", "/kategorie/mehr-entdecken/verletzungen-wundversorgung-desinfektion/kompressen.html", "/kategorie/mehr-entdecken/verletzungen-wundversorgung-desinfektion/mullbinden.html", "/kategorie/mehr-entdecken/verletzungen-wundversorgung-desinfektion/verbandskaesten.html", "/kategorie/mehr-entdecken/verletzungen-wundversorgung-desinfektion/wundpflege.html", "/kategorie/mehr-entdecken/vitamine-nahrungsergaenzung.html", "/kategorie/mehr-entdecken/vitamine-nahrungsergaenzung/augenvitamine.html", "/kategorie/mehr-entdecken/vitamine-nahrungsergaenzung/biotin.html", "/kategorie/mehr-entdecken/vitamine-nahrungsergaenzung/calcium.html", "/kategorie/mehr-entdecken/vitamine-nahrungsergaenzung/diabetes.html", "/kategorie/mehr-entdecken/vitamine-nahrungsergaenzung/eisen.html", "/kategorie/mehr-entdecken/vitamine-nahrungsergaenzung/folsaeure.html", "/kategorie/mehr-entdecken/vitamine-nahrungsergaenzung/jod.html", "/kategorie/mehr-entdecken/vitamine-nahrungsergaenzung/kalium.html", "/kategorie/mehr-entdecken/vitamine-nahrungsergaenzung/laktoseintoleranz.html", "/kategorie/mehr-entdecken/vitamine-nahrungsergaenzung/magnesium.html", "/kategorie/mehr-entdecken/vitamine-nahrungsergaenzung/mineralstoffe.html", "/kategorie/mehr-entdecken/vitamine-nahrungsergaenzung/multivitamine.html", "/kategorie/mehr-entdecken/vitamine-nahrungsergaenzung/nahrungsergaenzung.html", "/kategorie/mehr-entdecken/vitamine-nahrungsergaenzung/omega-3-lachsoel.html", "/kategorie/mehr-entdecken/vitamine-nahrungsergaenzung/orthomol.html", "/kategorie/mehr-entdecken/vitamine-nahrungsergaenzung/q-10.html", "/kategorie/mehr-entdecken/vitamine-nahrungsergaenzung/ss-carotin.html", "/kategorie/mehr-entdecken/vitamine-nahrungsergaenzung/selen.html", "/kategorie/mehr-entdecken/vitamine-nahrungsergaenzung/vegetarisch-vegan.html", "/kategorie/mehr-entdecken/vitamine-nahrungsergaenzung/vitamin-a.html", "/kategorie/mehr-entdecken/vitamine-nahrungsergaenzung/vitamin-b.html", "/kategorie/mehr-entdecken/vitamine-nahrungsergaenzung/vitamin-c.html", "/kategorie/mehr-entdecken/vitamine-nahrungsergaenzung/vitamin-d.html", "/kategorie/mehr-entdecken/vitamine-nahrungsergaenzung/vitamin-e.html", "/kategorie/mehr-entdecken/vitamine-nahrungsergaenzung/zink.html", "/kategorie/mehr-entdecken/vorsorgetests.html", "/rezept-einloesen", "/kategorie/mehr-entdecken/angebote-aktionen/sonderbonuspunkte.html", "/kategorie/mehr-entdecken/angebote-aktionen/neu-im-shop.html", "/kategorie/mehr-entdecken/angebote-aktionen/preishits.html", "/newsletter", "/", "/information/datenschutz.html", "/ajax/content/datenschutz.40003.html", "#", "#", "#"]}