{"title": "Muni 0,5 % Hc 30 G Creme kaufen | Volksversand Versandapotheke", "author": null, "url": "https://volksversand.de/arzneimittel/muni-0-5-hc-30-g-creme-pzn-07276113-2456317", "hostname": "volksversand.de", "description": "Anwendungsgebiet Muni \u00ae 0,5% HC ist eine Creme zur Anwendung auf der Haut bei entz\u00fcndlichen und allergischen Hauterkrankungen. Dosierung Zur kurzzeitigen Anwendung auf der Haut (maximal zwei Wochen) bei Erwachsenen und Kindern ab 6...", "sitename": "Volksversand Versandapotheke", "date": "2016-05-06", "id": null, "license": null, "body": null, "comments": "", "commentsbody": null, "raw_text": null, "text": "Der Artikel wurde erfolgreich hinzugef\u00fcgt.\nMuni 0,5 % Hc 30 G Creme\n- Bei Entz\u00fcndungen und Ekzemen\n- F\u00fcr Erwachsene und Kinder (ab 6 Jahren)\n- Fettarme Grundlage\nArtikelnummer:\n2456317\nPZN:\n07276113\nInhalt:\n30 g Creme\nMarke:\nInhalt 30 g Creme\n10,24 \u20ac 0.03 kg (341,33 \u20ac / 1 kg)\nP 100 Bonuspunkte sichern\n[Jetzt Bonuspunkte sammeln](/volksversand-bonuspunkte)\nIn folgenden Packungsgr\u00f6\u00dfen erh\u00e4ltlich\nZu Risiken und Nebenwirkungen lesen Sie bitte die Packungsbeilage und fragen Sie Ihre \u00c4rztin, Ihren Arzt oder in Ihrer Apotheke.\n42\n[](https://volksversand.de/arzneimittel/hydrocortison-ratiopharm-0-5-30-g-creme-pzn-09703312-2441962)\n(6)\n[Hydrocortison-ratiopharm 0,5%](https://volksversand.de/arzneimittel/hydrocortison-ratiopharm-0-5-30-g-creme-pzn-09703312-2441962)\nBei Entz\u00fcndungssymptomen der Haut\nAVP* 10,48 \u20ac 5,99 \u20ac\nInhalt 30 g Creme\n0.03 kg (199,67 \u20ac / 1 kg)\n0.03 kg (199,67 \u20ac / 1 kg)\n41\n[](https://volksversand.de/artikel/fenistil-kuehl-roll-on-8-ml-pzn-04074946-2076206)\n(53)\n[Fenistil K\u00fchl Roll-on](https://volksversand.de/artikel/fenistil-kuehl-roll-on-8-ml-pzn-04074946-2076206)\nBei Juckreiz und Brennen\nUVP 8,50 \u20ac 4,99 \u20ac\nInhalt 8 ml Gel\n0.008 l (623,75 \u20ac / 1 l)\n0.008 l (623,75 \u20ac / 1 l)\n40\nGRATIS\nVersand\nVersand\n[](https://volksversand.de/beauty-und-pflege/zinksalbe-medibond-50-ml-2983724)\n(26)\n[Zinksalbe Medibond](https://volksversand.de/beauty-und-pflege/zinksalbe-medibond-50-ml-2983724)\nBei rissiger & ger\u00f6teter Haut\nUVP 9,95 \u20ac 5,95 \u20ac\nInhalt 50 ml Salbe\n0.05 l (119,00 \u20ac / 1 l)\n0.05 l (119,00 \u20ac / 1 l)\n23\nGRATIS\nVersand\nVersand\n[](https://volksversand.de/beauty-und-pflege/la-roche-posay-effaclar-duo-lsf30-40-ml-creme-gratis-effaclar-gel-50-ml-pzn-12828709-2976348)\n(3)\n[La Roche Posay Effaclar Duo+ LSF30 40 ml Creme...](https://volksversand.de/beauty-und-pflege/la-roche-posay-effaclar-duo-lsf30-40-ml-creme-gratis-effaclar-gel-50-ml-pzn-12828709-2976348)\nZur Hautpflege\nUVP 20,90 \u20ac 15,99 \u20ac\nInhalt 40 ml Creme\n0.04 l (399,75 \u20ac / 1 l)\n0.04 l (399,75 \u20ac / 1 l)\n7\n[](https://volksversand.de/beauty-und-pflege/cerave-porentiefe-reinigung-gel-236-ml-gratis-5-ml-pzn-18168757-3163201)\n(3)\n[Cerave porentiefe Reinigung + gratis 5 ml](https://volksversand.de/beauty-und-pflege/cerave-porentiefe-reinigung-gel-236-ml-gratis-5-ml-pzn-18168757-3163201)\nPorentiefe Reinigung\nUVP 11,90 \u20ac 10,99 \u20ac\nInhalt 236 ml Gel\n0.236 l (46,57 \u20ac / 1 l)\n0.236 l (46,57 \u20ac / 1 l)\nGRATIS\nVersand\nVersand\n[](https://volksversand.de/familie-und-baby/linola-schutz-balsam-100-ml-gratis-linola-dusch-und-wasch-100-ml-pzn-10339828-3177540)\n(68)\n[Linola Schutz-Balsam + gratis Linola Dusch und...](https://volksversand.de/familie-und-baby/linola-schutz-balsam-100-ml-gratis-linola-dusch-und-wasch-100-ml-pzn-10339828-3177540)\nZur Hautpflege\n15,49 \u20ac\nInhalt 100 ml Balsam\n0.1 l (154,90 \u20ac / 1 l)\n0.1 l (154,90 \u20ac / 1 l)\n30\n[](https://volksversand.de/artikel/aloe-vera-gel-200-ml-pzn-03434207-2718740)\n(18)\n[Aloe Vera Gel](https://volksversand.de/artikel/aloe-vera-gel-200-ml-pzn-03434207-2718740)\nZur Hautberuhigung\nUVP 15,75 \u20ac 10,99 \u20ac\nInhalt 200 ml Gel\n0.2 l (54,95 \u20ac / 1 l)\n0.2 l (54,95 \u20ac / 1 l)\n60\n[](https://volksversand.de/arzneimittel/ibuprofen-medibond-400mg-schmerztabletten-50-stueck-pzn-12472371-2909844)\n(163)\n[Ibuprofen Medibond 400mg Schmerztabletten](https://volksversand.de/arzneimittel/ibuprofen-medibond-400mg-schmerztabletten-50-stueck-pzn-12472371-2909844)\nBei Schmerzen und Fieber\nAVP* 12,52 \u20ac 4,99 \u20ac\nInhalt 50 Filmtabletten\n43\n[](https://volksversand.de/arzneimittel/hydrocortison-ratiopharm-0-5-2-x-30-g-creme-pzn-09703312-3038593)\n(6)\n[Hydrocortison-ratiopharm 0,5% Creme](https://volksversand.de/arzneimittel/hydrocortison-ratiopharm-0-5-2-x-30-g-creme-pzn-09703312-3038593)\nBei Entz\u00fcndungssymptomen der Haut\nAVP* 20,96 \u20ac 11,79 \u20ac\nInhalt 2 x 30 g Creme\n0.06 kg (196,50 \u20ac / 1 kg)\n0.06 kg (196,50 \u20ac / 1 kg)\n38\n[](https://volksversand.de/arzneimittel/olynth-0-1-nasenspray-fuer-erwachsene-2-x-15-ml-pzn-04300124-3007960)\n(35)\n[Olynth 0,1% Nasenspray f\u00fcr Erwachsene](https://volksversand.de/arzneimittel/olynth-0-1-nasenspray-fuer-erwachsene-2-x-15-ml-pzn-04300124-3007960)\nBei Schnupfen\nAVP* 13,00 \u20ac 7,95 \u20ac\nInhalt 2 x 15 ml Nasendosierspray\n0.03 l (265,00 \u20ac / 1 l)\n0.03 l (265,00 \u20ac / 1 l)\n40\n[](https://volksversand.de/arzneimittel/ambroxol-ratiopharm-hustensaft-2-x-250-ml-saft-pzn-00563111-2646198)\n(77)\n[Ambroxol-ratiopharm Hustensaft](https://volksversand.de/arzneimittel/ambroxol-ratiopharm-hustensaft-2-x-250-ml-saft-pzn-00563111-2646198)\nBei Husten\nAVP* 10,80 \u20ac 6,45 \u20ac\nInhalt 2 x 250 ml Saft\n0.5 l (12,90 \u20ac / 1 l)\n0.5 l (12,90 \u20ac / 1 l)\n26\n[](https://volksversand.de/arzneimittel/dexpanthenol-axicur-wund-und-heilcreme-100-g-pzn-17916832-3156429)\n(2)\n[Dexpanthenol axicur Wund- und Heilcreme](https://volksversand.de/arzneimittel/dexpanthenol-axicur-wund-und-heilcreme-100-g-pzn-17916832-3156429)\nBei wunder, gereizter Haut\nAVP* 8,20 \u20ac 5,99 \u20ac\nInhalt 100 g Creme\n0.1 kg (59,90 \u20ac / 1 kg)\n0.1 kg (59,90 \u20ac / 1 kg)\nGRATIS\nVersand\nVersand\n[](https://volksversand.de/nahrungsergaenzungsmittel/shape-rgy-microbionic-90-kapseln-pzn-18029518-3139359)\n(2)\n[Shape\u00b4rgy Microbionic](https://volksversand.de/nahrungsergaenzungsmittel/shape-rgy-microbionic-90-kapseln-pzn-18029518-3139359)\nIhr Stoffwechsel-Push!\n19,95 \u20ac\nInhalt 90 Kapseln\n0.0697 kg (286,23 \u20ac / 1 kg)\n0.0697 kg (286,23 \u20ac / 1 kg)\n32\nGRATIS\nVersand\nVersand\n[](https://volksversand.de/artikel/thiocyn-haarserum-frauen-3-x-150-ml-gratis-50-ml-pzn-16008512-3034550)\n(5)\n[Thiocyn Haarserum Frauen + gratis 50 ml](https://volksversand.de/artikel/thiocyn-haarserum-frauen-3-x-150-ml-gratis-50-ml-pzn-16008512-3034550)\nBei Haarausfall\nUVP 78,00 \u20ac 52,99 \u20ac\nInhalt 3 x 150 ml Flasche\n0.45 l (117,76 \u20ac / 1 l)\n0.45 l (117,76 \u20ac / 1 l)\n34\n[](https://volksversand.de/arzneimittel/imidin-n-nasenspray-2-x-15-ml-pzn-09440195-3023702)\n(11)\n[Imidin N Nasenspray](https://volksversand.de/arzneimittel/imidin-n-nasenspray-2-x-15-ml-pzn-09440195-3023702)\nBei Schnupfen\nAVP* 8,98 \u20ac 5,89 \u20ac\nInhalt 2 x 15 ml Nasenspray\n0.03 l (196,33 \u20ac / 1 l)\n0.03 l (196,33 \u20ac / 1 l)\n41\nGRATIS\nVersand\nVersand\n[](https://volksversand.de/arzneimittel/hoggar-night-2-x-20-tabletten-pzn-04402066-2999175)\n(244)\n[Hoggar Night](https://volksversand.de/arzneimittel/hoggar-night-2-x-20-tabletten-pzn-04402066-2999175)\nZur Behandlung von Schlafst\u00f6rungen\nAVP* 31,64 \u20ac 18,49 \u20ac\nInhalt 2 x 20 Tabletten\n13\n[](https://volksversand.de/artikel/tyrosur-careexpert-wundgel-50-g-pzn-12742445-2995694)\n(8)\n[Tyrosur Careexpert Wundgel](https://volksversand.de/artikel/tyrosur-careexpert-wundgel-50-g-pzn-12742445-2995694)\nZur Wundbehandlung\nUVP 9,25 \u20ac 7,99 \u20ac\nInhalt 50 g Gel\n0.05 kg (159,80 \u20ac / 1 kg)\n0.05 kg (159,80 \u20ac / 1 kg)\n27\n[](https://volksversand.de/arzneimittel/hydrocort-1a-pharma-0-5-creme-20-g-pzn-14236870-2982809) [Hydrocort 1A Pharma 0,5 %](https://volksversand.de/arzneimittel/hydrocort-1a-pharma-0-5-creme-20-g-pzn-14236870-2982809)\nBei Entz\u00fcndungssymptomen der Haut\nAVP* 6,50 \u20ac 4,69 \u20ac\nInhalt 20 g Creme\n0.02 kg (234,50 \u20ac / 1 kg)\n0.02 kg (234,50 \u20ac / 1 kg)\n36\nGRATIS\nVersand\nVersand\n[](https://volksversand.de/arzneimittel/wick-medinait-erkaeltungssirup-fuer-die-nacht-2-x-180-ml-pzn-01689009-2951622)\n(293)\n[WICK MediNait Erk\u00e4ltungssirup f\u00fcr die Nacht](https://volksversand.de/arzneimittel/wick-medinait-erkaeltungssirup-fuer-die-nacht-2-x-180-ml-pzn-01689009-2951622)\nBei Erk\u00e4ltung\nAVP* 48,98 \u20ac 30,99 \u20ac\nInhalt 2 x 180 ml Sirup\n0.36 l (86,08 \u20ac / 1 l)\n0.36 l (86,08 \u20ac / 1 l)\nAnwendungsgebiet Muni \u00ae 0,5% HC ist eine Creme zur Anwendung auf der Haut bei entz\u00fcndlichen und...\n[mehr](#)\nProduktinformationen \"Muni 0,5 % Hc 30 G Creme\"\nAnwendungsgebietMuni \u00ae 0,5% HC ist eine Creme zur Anwendung auf der Haut bei entz\u00fcndlichen und allergischen Hauterkrankungen.\nDosierungZur kurzzeitigen Anwendung auf der Haut (maximal zwei Wochen) bei Erwachsenen und Kindern ab 6 Jahren. Die Dauer der Behandlung richtet sich nach dem Therapieerfolg. Eine Behandlungsdauer \u00fcber zwei Wochen darf nur mit \u00e4rztlicher Kontrolle stattfinden.\nSoweit nicht anders verordnet, wird Muni \u00ae 0,5% HC 2- bis 3-mal t\u00e4glich d\u00fcnn auf die erkrankten Stellen aufgetragen und schonend eingerieben. Nach eingetretener Besserung braucht Muni \u00ae 0,5% HC meist nur 1-mal t\u00e4glich oder jeden 2. oder 3. Tag verwendet zu werden. Auch nach Abklingen des Krankheitsbildes sollte Muni \u00ae 0,5% HC noch einige Tage angewendet werden, um ein Wiederaufflammen der Erkrankung zu vermeiden.\nBei der Anwendung im Gesicht ist darauf zu achten, dass Muni \u00ae 0,5% HC nicht ins Auge gelangt.\nZusammensetzung1 g Creme enth\u00e4lt 5 mg Hydrocortison.\nSonstige Bestandteile: Stearins\u00e4ure, Propylenglykol, Sorbitanstearat, Polysorbat, Octyldodecanol, Hartfett, Gereinigtes Wasser.\nQuelle: ROBUGEN GMBH PHARMAZEUTISCHE FABRIK\nHersteller:\nROBUGEN GmbH & Co.KG Alleenstr. D. 73730, Esslingen\nKundenbewertungen\nVon: Volksversand-Kunde Am: 06.05.2016\nF\u00fcr trockene Ohren optimal\n[Bewertungen ansehen und selbst bewerten!](#content--product-reviews)\nWeitere Produkte mit dem gleichen Wirkstoff\nHydrocortison\n42\n[](https://volksversand.de/arzneimittel/hydrocortison-ratiopharm-0-5-30-g-creme-pzn-09703312-2441962) [Hydrocortison-ratiopharm 0,5% 30 g Creme](https://volksversand.de/arzneimittel/hydrocortison-ratiopharm-0-5-30-g-creme-pzn-09703312-2441962)\n(6)\nBei Entz\u00fcndungssymptomen der Haut\nInhalt 30 g Creme\n0.03 kg (199,67 \u20ac / 1 kg)\n0.03 kg (199,67 \u20ac / 1 kg)\nLieferzeit 1-2 Tage\nAVP* 10,48 \u20ac 5,99 \u20ac\n[]\n24\n[](https://volksversand.de/arzneimittel/fenihydrocort-creme-0-5-30-g-pzn-10796974-2711604) [FeniHydrocort Creme 0,5 % 30 g](https://volksversand.de/arzneimittel/fenihydrocort-creme-0-5-30-g-pzn-10796974-2711604)\n(11)\nBei Entz\u00fcndungssymptomen der Haut\nInhalt 30 g Creme\n0.03 kg (399,67 \u20ac / 1 kg)\n0.03 kg (399,67 \u20ac / 1 kg)\nLieferzeit 1-2 Tage\nAVP* 15,97 \u20ac 11,99 \u20ac\n[]\n24\n[](https://volksversand.de/arzneimittel/soventol-hydrocort-0-5-30-g-creme-pzn-04465138-2110856) [Soventol Hydrocort 0,5 % 30 g Creme](https://volksversand.de/arzneimittel/soventol-hydrocort-0-5-30-g-creme-pzn-04465138-2110856)\n(18)\nBei Entz\u00fcndungssymptomen der Haut\nInhalt 30 g Creme\n0.03 kg (399,67 \u20ac / 1 kg)\n0.03 kg (399,67 \u20ac / 1 kg)\nLieferzeit 1-2 Tage\nAVP* 15,97 \u20ac 11,99 \u20ac\n[]\n19\n[](https://volksversand.de/arzneimittel/ebenol-0-5-30-g-creme-pzn-05103319-2077758) [Ebenol 0,5% 30 g Creme](https://volksversand.de/arzneimittel/ebenol-0-5-30-g-creme-pzn-05103319-2077758)\n(7)\nBei Entz\u00fcndungssymptomen der Haut\nInhalt 30 g Creme\n0.03 kg (333,00 \u20ac / 1 kg)\n0.03 kg (333,00 \u20ac / 1 kg)\nLieferzeit 1-2 Tage\nAVP* 12,42 \u20ac 9,99 \u20ac\n[]\n25\n[](https://volksversand.de/arzneimittel/linola-akut-0-5-30-g-creme-pzn-02138990-2050706) [Linola akut 0,5% 30 g Creme](https://volksversand.de/arzneimittel/linola-akut-0-5-30-g-creme-pzn-02138990-2050706)\n(4)\nBei Entz\u00fcndungssymptomen der Haut\nInhalt 30 g Creme\n0.03 kg (353,00 \u20ac / 1 kg)\n0.03 kg (353,00 \u20ac / 1 kg)\nLieferzeit 1-2 Tage\nAVP* 14,17 \u20ac 10,59 \u20ac\n[]\n35\n[](https://volksversand.de/arzneimittel/systral-hydrocort-0-5-creme-30-g-pzn-01234065-2082907) [Systral Hydrocort 0,5% Creme 30 g](https://volksversand.de/arzneimittel/systral-hydrocort-0-5-creme-30-g-pzn-01234065-2082907)\n(3)\nBei Entz\u00fcndungssymptomen der Haut\nInhalt 30 g Creme\n0.03 kg (266,33 \u20ac / 1 kg)\n0.03 kg (266,33 \u20ac / 1 kg)\nLieferzeit 1-2 Tage\nAVP* 12,48 \u20ac 7,99 \u20ac\n[]\n7\n[](https://volksversand.de/arzneimittel/hydrocutan-creme-0-5-20-g-creme-pzn-06576818-2450310) [Hydrocutan Creme 0,5% 20 G Creme](https://volksversand.de/arzneimittel/hydrocutan-creme-0-5-20-g-creme-pzn-06576818-2450310)\n(1)\nBei Entz\u00fcndungssymptomen der Haut\nInhalt 20 g Creme\n0.02 kg (268,00 \u20ac / 1 kg)\n0.02 kg (268,00 \u20ac / 1 kg)\nLieferzeit 1-3 Tage\nAVP* 5,81 \u20ac 5,36 \u20ac\n[]\n41\n[](https://volksversand.de/arzneimittel/hydrocortison-hexal-0-25-20-g-creme-pzn-02756593-2441277) [Hydrocortison Hexal 0,25% 20 g Creme](https://volksversand.de/arzneimittel/hydrocortison-hexal-0-25-20-g-creme-pzn-02756593-2441277)\n(3)\nBei Entz\u00fcndungssymptomen der Haut\nInhalt 20 g Creme\n0.02 kg (169,50 \u20ac / 1 kg)\n0.02 kg (169,50 \u20ac / 1 kg)\nDerzeit nicht lieferbar\nAVP* 5,82 \u20ac 3,39 \u20ac\n[]\nweitere Informationen \"Muni 0,5 % Hc 30 G Creme\"\nHydrocortison\nArt der Anwendung?\nTragen Sie das Arzneimittel auf die betroffene(n) Hautstelle(n) auf. Waschen Sie nach der Anwendung gr\u00fcndlich die H\u00e4nde. Vermeiden Sie den versehentlichen Kontakt mit Schleimh\u00e4uten, Augen und offenen Hautstellen.\nDauer der Anwendung?\nOhne \u00e4rztlichen Rat sollten Sie das Arzneimittel nicht l\u00e4nger als 2 Wochen anwenden. Bei l\u00e4nger anhaltenden oder regelm\u00e4\u00dfig wiederkehrenden Beschwerden sollten Sie Ihren Arzt aufsuchen.\n\u00dcberdosierung?\nWird das Arzneimittel wie beschrieben angewendet, sind keine \u00dcberdosierungserscheinungen bekannt. Bei l\u00e4nger andauernder Anwendung kann es unter anderem zu Steroidakne, Erweiterung kleiner Hautgef\u00e4\u00dfe, Hautfarbenver\u00e4nderung und Hautverd\u00fcnnung kommen. Im Zweifelsfall wenden Sie sich an Ihren Arzt.\nAnwendung vergessen?\nSetzen Sie die Anwendung zum n\u00e4chsten vorgeschriebenen Zeitpunkt ganz normal (also nicht mit der doppelten Menge) fort.\nGenerell gilt: Achten Sie vor allem bei S\u00e4uglingen, Kleinkindern und \u00e4lteren Menschen auf eine gewissenhafte Dosierung. Im Zweifelsfall fragen Sie Ihren Arzt oder Apotheker nach etwaigen Auswirkungen oder Vorsichtsma\u00dfnahmen.\nEine vom Arzt verordnete Dosierung kann von den Angaben der Packungsbeilage abweichen. Da der Arzt sie individuell abstimmt, sollten Sie das Arzneimittel daher nach seinen Anweisungen anwenden.\nWie wirkt der Inhaltsstoff des Arzneimittels?\nDer Wirkstoff ist ein verwandter Stoff zum Kortison. Kortison ist ein Hormon, das vom K\u00f6rper auch selbst hergestellt wird.\nBei Verletzungen l\u00e4uft die k\u00f6rpereigene Abwehr auf Hochtouren, etliche Botenstoffe und Abwehrzellen str\u00f6men zum Ort des Geschehens und vernichten eingedrungene Erreger und durch die Verletzung entstandene Zelltr\u00fcmmer oder Blutgerinnsel. Diese Arbeit f\u00fchrt in dem betroffenen Gebiet zu Entz\u00fcndungen und damit verbunden zu Schwellungen, R\u00f6tungen und letztlich zu Schmerzen. Der Wirkstoff drosselt diese k\u00f6rpereigenen Abwehrmechanismen, besonders wenn sie - wie etwa bei Allergien - zu \u00fcbertrieben ausf\u00e4llt. Er wirkt vor allem auf der Haut entz\u00fcndungshemmend und beseitigt Juckreiz, R\u00f6tungen, Schwellungen und Pusteln.\nWas spricht gegen eine Anwendung?\nWelche unerw\u00fcnschten Wirkungen k\u00f6nnen auftreten?\nF\u00fcr das Arzneimittel sind nur Nebenwirkungen beschrieben, die bisher nur in Ausnahmef\u00e4llen aufgetreten sind.\nBemerken Sie eine Befindlichkeitsst\u00f6rung oder Ver\u00e4nderung w\u00e4hrend der Behandlung, wenden Sie sich an Ihren Arzt oder Apotheker.\nF\u00fcr die Information an dieser Stelle werden vor allem Nebenwirkungen ber\u00fccksichtigt, die bei mindestens einem von 1.000 behandelten Patienten auftreten.\nWas sollten Sie beachten?\nHydrocortison, Stearins\u00e4ure, Propylenglycol, Sorbitanstearat, Polysorbat, ( < b> RS )-2-Octyldodecan-1-ol, Hartfett, Wasser, gereinigtes\n- Hautentz\u00fcndung, leichte Formen, z.B bei:\n- Allergische Hauterkrankung\nArt der Anwendung?\nTragen Sie das Arzneimittel auf die betroffene(n) Hautstelle(n) auf. Waschen Sie nach der Anwendung gr\u00fcndlich die H\u00e4nde. Vermeiden Sie den versehentlichen Kontakt mit Schleimh\u00e4uten, Augen und offenen Hautstellen.\nDauer der Anwendung?\nOhne \u00e4rztlichen Rat sollten Sie das Arzneimittel nicht l\u00e4nger als 2 Wochen anwenden. Bei l\u00e4nger anhaltenden oder regelm\u00e4\u00dfig wiederkehrenden Beschwerden sollten Sie Ihren Arzt aufsuchen.\n\u00dcberdosierung?\nWird das Arzneimittel wie beschrieben angewendet, sind keine \u00dcberdosierungserscheinungen bekannt. Bei l\u00e4nger andauernder Anwendung kann es unter anderem zu Steroidakne, Erweiterung kleiner Hautgef\u00e4\u00dfe, Hautfarbenver\u00e4nderung und Hautverd\u00fcnnung kommen. Im Zweifelsfall wenden Sie sich an Ihren Arzt.\nAnwendung vergessen?\nSetzen Sie die Anwendung zum n\u00e4chsten vorgeschriebenen Zeitpunkt ganz normal (also nicht mit der doppelten Menge) fort.\nGenerell gilt: Achten Sie vor allem bei S\u00e4uglingen, Kleinkindern und \u00e4lteren Menschen auf eine gewissenhafte Dosierung. Im Zweifelsfall fragen Sie Ihren Arzt oder Apotheker nach etwaigen Auswirkungen oder Vorsichtsma\u00dfnahmen.\nEine vom Arzt verordnete Dosierung kann von den Angaben der Packungsbeilage abweichen. Da der Arzt sie individuell abstimmt, sollten Sie das Arzneimittel daher nach seinen Anweisungen anwenden.\nWie wirkt der Inhaltsstoff des Arzneimittels?\nDer Wirkstoff ist ein verwandter Stoff zum Kortison. Kortison ist ein Hormon, das vom K\u00f6rper auch selbst hergestellt wird.\nBei Verletzungen l\u00e4uft die k\u00f6rpereigene Abwehr auf Hochtouren, etliche Botenstoffe und Abwehrzellen str\u00f6men zum Ort des Geschehens und vernichten eingedrungene Erreger und durch die Verletzung entstandene Zelltr\u00fcmmer oder Blutgerinnsel. Diese Arbeit f\u00fchrt in dem betroffenen Gebiet zu Entz\u00fcndungen und damit verbunden zu Schwellungen, R\u00f6tungen und letztlich zu Schmerzen. Der Wirkstoff drosselt diese k\u00f6rpereigenen Abwehrmechanismen, besonders wenn sie - wie etwa bei Allergien - zu \u00fcbertrieben ausf\u00e4llt. Er wirkt vor allem auf der Haut entz\u00fcndungshemmend und beseitigt Juckreiz, R\u00f6tungen, Schwellungen und Pusteln.\nWas spricht gegen eine Anwendung?\n- \u00dcberempfindlichkeit gegen die Inhaltsstoffe\n- Virusinfektionen der Haut, z.B.:\n- Windpocken\n- Herpes-Infektionen\n- Bakterieninfektionen der Haut, wie:\n- Hauttuberkulose\n- Syphilis (Lues) (Geschlechts- und Hautkrankheit)\n- Akne\n- Periorale Dermatitis (akne\u00e4hnliche entz\u00fcndliche Hauterkrankung im Mundbereich)\n- Rosacea (entz\u00fcndliche Hauterkrankung im Gesichtsbereich)\n- Pilzinfektionen der Haut\n- Nach einer Impfung auftretende Hautreaktion\n- Kinder unter 6 Jahren: Das Arzneimittel darf nur nach R\u00fccksprache mit einem Arzt oder unter \u00e4rztlicher Kontrolle angewendet werden.\n- Schwangerschaft: Wenden Sie sich an Ihren Arzt. Es spielen verschiedene \u00dcberlegungen eine Rolle, ob und wie das Arzneimittel in der Schwangerschaft angewendet werden kann.\n- Stillzeit: Wenden Sie sich an Ihre \u00c4rztin. Ihren Arzt oder Apotheker. Er wird Ihre besondere Ausgangslage pr\u00fcfen und Sie entsprechend beraten, ob und wie Sie mit dem Stillen weitermachen k\u00f6nnen.\nWelche unerw\u00fcnschten Wirkungen k\u00f6nnen auftreten?\nF\u00fcr das Arzneimittel sind nur Nebenwirkungen beschrieben, die bisher nur in Ausnahmef\u00e4llen aufgetreten sind.\nBemerken Sie eine Befindlichkeitsst\u00f6rung oder Ver\u00e4nderung w\u00e4hrend der Behandlung, wenden Sie sich an Ihren Arzt oder Apotheker.\nF\u00fcr die Information an dieser Stelle werden vor allem Nebenwirkungen ber\u00fccksichtigt, die bei mindestens einem von 1.000 behandelten Patienten auftreten.\nWas sollten Sie beachten?\n- Vorsicht bei Kortikoid-Allergie (z.B. Kortison)!\n- Vorsicht bei Allergie gegen das L\u00f6sungsmittel Propylenglycol (EU-Nummer E 477)!\n- Vorsicht bei Allergie gegen Emulgatoren (z.B. Sorbitanfettester mit der EU-Nummer E 493 und E 494)!\n- Vorsicht bei Allergie gegen das L\u00f6sungsmittel Polyethylenglycol (EU-Nummer E 4 31)!\nHydrocortison, Stearins\u00e4ure, Propylenglycol, Sorbitanstearat, Polysorbat, ( < b> RS )-2-Octyldodecan-1-ol, Hartfett, Wasser, gereinigtes\nBewertungen lesen, schreiben und diskutieren...\n[mehr](#)\nBewertungen und Erfahrungen zu \"Muni 0,5 % Hc 30 G Creme\". Das meinen unsere Kunden zu diesem Produkt:\nVon: Volksversand-Kunde Am: 06.05.2016\nF\u00fcr trockene Ohren optimal\nBewertung schreiben\nBewertungen werden nach \u00dcberpr\u00fcfung freigeschaltet\nCookie-Einstellungen\nHier k\u00f6nnen Sie Ihre pers\u00f6nlichen Einstellungen vornehmen. F\u00fcr ein bestm\u00f6gliches Einkaufserlebnis empfehlen wir Ihnen, alle Cookies zuzulassen.\nKonfiguration\nTechnisch erforderlich\nDiese Cookies sind f\u00fcr die Grundfunktionen des Shops notwendig.\nKomfortfunktionen\nDiese Cookies werden genutzt um das Einkaufserlebnis noch ansprechender zu gestalten, beispielsweise f\u00fcr die Wiedererkennung des Besuchers.\nStatistik & Tracking\nDiese Cookies erfassen anonymisierte Informationen f\u00fcr Statistiken und Analysen.\nService-Dienstleister\nAuf unserer Website werden externe Dienstleister eingebunden, die Ihren Service eigenverantwortlich erbringen.\nZuletzt angesehen", "language": null, "image": "https://property.volksversand.de/media/image/f3/95/37/10140503-muni_0_5__hc_cremeZO1nxSrSeaP1x.jpg", "pagetype": "product", "links": ["https://volksversand.de/", "/ratgeber/", "/faq", "https://volksversand.de/kontaktformular", "https://volksversand.de/volksversand-bonuspunkte", "https://volksversand.de/datenschutz", "https://volksversand.de/rueckrufservice", "https://volksversand.de/versandkosten", "https://volksversand.de/agb", "https://volksversand.de/liefer-und-zahlungsinformationen", "https://volksversand.de/impressum", "https://volksversand.de/widerrufsrecht", "/bonuspunkte", "https://volksversand.de/", "/bewertungen-zertifikate-und-auszeichnungen", "#offcanvas--left", "#show-hide--search", "/bewertungen-zertifikate-und-auszeichnungen", "/arzneimittel/angebote/", "https://volksversand.de/account", "https://volksversand.de/wishlist", "https://volksversand.de/direktbestellung", "https://volksversand.de/checkout/cart", "https://volksversand.de/abnehmen-sport-und-ernaehrung/", "https://volksversand.de/arzneimittel/", "https://volksversand.de/beauty-und-pflege/", "https://volksversand.de/familie-und-baby/", "https://volksversand.de/naturheilmittel-und-homoeopathie/", "https://volksversand.de/tiergesundheit-und-tierbedarf/", "https://volksversand.de/abnehmen-sport-und-ernaehrung/", "https://volksversand.de/abnehmen-sport-und-ernaehrung/diaet-und-abnehmen/", "https://volksversand.de/abnehmen-sport-und-ernaehrung/fitness-und-sportzubehoer/", "https://volksversand.de/abnehmen-sport-und-ernaehrung/gesunde-ernaehrung/", "https://volksversand.de/abnehmen-sport-und-ernaehrung/sportnahrung/", "https://volksversand.de/abnehmen-sport-und-ernaehrung/vegane-nahrungsergaenzung/", "https://volksversand.de/abnehmen-sport-und-ernaehrung/", "https://volksversand.de/arzneimittel/", "https://volksversand.de/arzneimittel/angebote/", "https://volksversand.de/arzneimittel/neu-im-sortiment/", "https://volksversand.de/arzneimittel/gratis-beigaben/", "https://volksversand.de/arzneimittel/allergie-und-heuschnupfen/", "https://volksversand.de/arzneimittel/augen-nase-und-ohren/", "https://volksversand.de/arzneimittel/beruhigung-schlaf-und-wohlbefinden/", "https://volksversand.de/arzneimittel/erkaeltung-und-grippe/", "https://volksversand.de/arzneimittel/haut-haare-und-naegel/", "https://volksversand.de/arzneimittel/knochen-gelenke-und-muskeln/", "https://volksversand.de/arzneimittel/magen-und-darm/", "https://volksversand.de/arzneimittel/reiseapotheke/", "https://volksversand.de/arzneimittel/schmerzmittel/", "https://volksversand.de/arzneimittel/vitamine-und-mineralien/", "https://volksversand.de/arzneimittel/", "https://volksversand.de/beauty-und-pflege/", "https://volksversand.de/beauty-und-pflege/baden-und-duschen/", "https://volksversand.de/beauty-und-pflege/bodylotion-und-koerperpflege/", "https://volksversand.de/beauty-und-pflege/fusscreme/", "https://volksversand.de/beauty-und-pflege/gesichtspflege/", "https://volksversand.de/beauty-und-pflege/haarpflege/", "https://volksversand.de/beauty-und-pflege/handcreme/", "https://volksversand.de/beauty-und-pflege/maennerpflege/", "https://volksversand.de/beauty-und-pflege/narbenpflege/", "https://volksversand.de/beauty-und-pflege/naturkosmetik/", "https://volksversand.de/beauty-und-pflege/sonnenschutz/", "https://volksversand.de/beauty-und-pflege/vegane-kosmetik/", "https://volksversand.de/beauty-und-pflege/wirkstoffe/", "https://volksversand.de/beauty-und-pflege/geschenkideen/", "https://volksversand.de/beauty-und-pflege/sale/", "https://volksversand.de/beauty-und-pflege/", "https://volksversand.de/familie-und-baby/", "https://volksversand.de/familie-und-baby/babynahrung/", "https://volksversand.de/familie-und-baby/fuer-ihn/", "https://volksversand.de/familie-und-baby/fuer-senioren/", "https://volksversand.de/familie-und-baby/fuer-sie/", "https://volksversand.de/familie-und-baby/gesundheit/", "https://volksversand.de/familie-und-baby/haeusliche-pflege-und-hilfsmittel/", "https://volksversand.de/familie-und-baby/hygiene-und-infektionsschutz/", "https://volksversand.de/familie-und-baby/kinderpflaster/", "https://volksversand.de/familie-und-baby/kinderreiseapotheke/", "https://volksversand.de/familie-und-baby/kinder-und-babypflege/", "https://volksversand.de/familie-und-baby/kinderwunsch/", "https://volksversand.de/familie-und-baby/mueckenschutz-und-mueckenstiche/", "https://volksversand.de/familie-und-baby/schwangerschaft/", "https://volksversand.de/familie-und-baby/stillzeit/", "https://volksversand.de/familie-und-baby/verhuetung/", "https://volksversand.de/familie-und-baby/windeln/", "https://volksversand.de/familie-und-baby/zahnen-zahnpflege/", "https://volksversand.de/familie-und-baby/sale/", "https://volksversand.de/familie-und-baby/", "https://volksversand.de/naturheilmittel-und-homoeopathie/", "https://volksversand.de/naturheilmittel-und-homoeopathie/allgemeine-homoeopathie/", "https://volksversand.de/naturheilmittel-und-homoeopathie/anthroposophie/", "https://volksversand.de/naturheilmittel-und-homoeopathie/anwendungsgebiete/", "https://volksversand.de/naturheilmittel-und-homoeopathie/aetherische-oele/", "https://volksversand.de/naturheilmittel-und-homoeopathie/bachblueten/", "https://volksversand.de/naturheilmittel-und-homoeopathie/einzelmittel/", "https://volksversand.de/naturheilmittel-und-homoeopathie/heilerde/", "https://volksversand.de/naturheilmittel-und-homoeopathie/komplexmittel/", "https://volksversand.de/naturheilmittel-und-homoeopathie/schuessler-salze/", "https://volksversand.de/naturheilmittel-und-homoeopathie/weitere-naturheilmittel/", "https://volksversand.de/naturheilmittel-und-homoeopathie/", "https://volksversand.de/tiergesundheit-und-tierbedarf/", "https://volksversand.de/tiergesundheit-und-tierbedarf/hunde/", "https://volksversand.de/tiergesundheit-und-tierbedarf/katzen/", "https://volksversand.de/tiergesundheit-und-tierbedarf/pferde/", "https://volksversand.de/tiergesundheit-und-tierbedarf/weitere-produkte/", "https://volksversand.de/tiergesundheit-und-tierbedarf/", "https://volksversand.de/", "https://volksversand.de/arzneimittel/", "https://volksversand.de/arzneimittel/haut-haare-und-naegel/", "https://volksversand.de/arzneimittel/haut-haare-und-naegel/haut/", "https://volksversand.de/arzneimittel/haut-haare-und-naegel/haut/cortisonpraeparate/", "#close-categories-menu", "https://volksversand.de/", "https://volksversand.de/", "https://volksversand.de/abnehmen-sport-und-ernaehrung/", "https://volksversand.de/arzneimittel/", "https://volksversand.de/arzneimittel/angebote/", "https://volksversand.de/arzneimittel/neu-im-sortiment/", "https://volksversand.de/arzneimittel/gratis-beigaben/", "https://volksversand.de/arzneimittel/allergie-und-heuschnupfen/", "https://volksversand.de/arzneimittel/augen-nase-und-ohren/", "https://volksversand.de/arzneimittel/beruhigung-schlaf-und-wohlbefinden/", "https://volksversand.de/arzneimittel/blase-nieren-und-prostata/", "https://volksversand.de/arzneimittel/diabetes/", "https://volksversand.de/arzneimittel/erkaeltung-und-grippe/", "https://volksversand.de/arzneimittel/gedaechtnis/", "https://volksversand.de/arzneimittel/gefaesse-und-venen/", "https://volksversand.de/arzneimittel/hausapotheke/", "https://volksversand.de/arzneimittel/haut-haare-und-naegel/", "https://volksversand.de/arzneimittel/haut-haare-und-naegel/haare/", "https://volksversand.de/arzneimittel/haut-haare-und-naegel/haut/", "https://volksversand.de/arzneimittel/haut-haare-und-naegel/haut/blasen-und-huehneraugen/", "https://volksversand.de/arzneimittel/haut-haare-und-naegel/haut/cortisonpraeparate/", "https://volksversand.de/arzneimittel/haut-haare-und-naegel/haut/ekzem/", "https://volksversand.de/arzneimittel/haut-haare-und-naegel/haut/fusspilz/", "https://volksversand.de/arzneimittel/haut-haare-und-naegel/haut/hautpilz/", "https://volksversand.de/arzneimittel/haut-haare-und-naegel/haut/herpes/", "https://volksversand.de/arzneimittel/haut-haare-und-naegel/haut/hornhaut/", "https://volksversand.de/arzneimittel/haut-haare-und-naegel/haut/juckreiz/", "https://volksversand.de/arzneimittel/haut-haare-und-naegel/haut/kraetze/", "https://volksversand.de/arzneimittel/haut-haare-und-naegel/haut/neurodermitis/", "https://volksversand.de/arzneimittel/haut-haare-und-naegel/haut/schuppenflechte/", "https://volksversand.de/arzneimittel/haut-haare-und-naegel/haut/schwitzen-und-gerueche/", "https://volksversand.de/arzneimittel/haut-haare-und-naegel/haut/tattoopflege/", "https://volksversand.de/arzneimittel/haut-haare-und-naegel/haut/verbrennungen-und-verletzungen/", "https://volksversand.de/arzneimittel/haut-haare-und-naegel/haut/warzen/", "https://volksversand.de/arzneimittel/haut-haare-und-naegel/haut/weitere-produkte/", "https://volksversand.de/arzneimittel/haut-haare-und-naegel/naegel/", "https://volksversand.de/arzneimittel/haut-haare-und-naegel/weitere-produkte/", "https://volksversand.de/arzneimittel/herz-kreislauf/", "https://volksversand.de/arzneimittel/knochen-gelenke-und-muskeln/", "https://volksversand.de/arzneimittel/leber-und-galle/", "https://volksversand.de/arzneimittel/magen-und-darm/", "https://volksversand.de/arzneimittel/mund-und-zaehne/", "https://volksversand.de/arzneimittel/raucherentwoehnung/", "https://volksversand.de/arzneimittel/reiseapotheke/", "https://volksversand.de/arzneimittel/schmerzmittel/", "https://volksversand.de/arzneimittel/vitamine-und-mineralien/", "https://volksversand.de/beauty-und-pflege/", "https://volksversand.de/familie-und-baby/", "https://volksversand.de/naturheilmittel-und-homoeopathie/", "https://volksversand.de/tiergesundheit-und-tierbedarf/", "https://volksversand.de/marke/", "https://volksversand.de/ratgeber/", "https://volksversand.de/wirkstoffe/", "", "/faq", "https://volksversand.de/kontaktformular", "https://volksversand.de/volksversand-bonuspunkte", "https://volksversand.de/datenschutz", "https://volksversand.de/rueckrufservice", "https://volksversand.de/versandkosten", "https://volksversand.de/agb", "https://volksversand.de/liefer-und-zahlungsinformationen", "https://volksversand.de/impressum", "https://volksversand.de/widerrufsrecht", "/ratgeber/", "https://volksversand.de/rueckrufservice", "https://volksversand.de/versandkosten", "#product--publish-comment", "#content--product-reviews", "https://www.facebook.com/sharer.php?u=https://volksversand.de/arzneimittel/muni-0-5-hc-30-g-creme-pzn-07276113-2456317&p[title]=Muni%200%2C5%20%25%20Hc%2030%20G%20Creme", "https://pinterest.com/pin/create/button/?url=https://volksversand.de/arzneimittel/muni-0-5-hc-30-g-creme-pzn-07276113-2456317>&description=Muni%200%2C5%20%25%20Hc%2030%20G%20Creme", null, "https://volksversand.de/robugen/", "https://volksversand.de/versandkosten", "/volksversand-bonuspunkte", "https://volksversand.de/arzneimittel/muni-0-5-hc-30-g-creme-pzn-07276113-2456317", "https://volksversand.de/arzneimittel/muni-0-5-hc-5-g-creme-pzn-07276082-2267516", "#content--custom-crossselling", "#", "https://volksversand.de/beauty-und-pflege/dexeryl-creme-500-g-creme-pzn-07379385-2473387", "https://volksversand.de/beauty-und-pflege/dexeryl-creme-500-g-creme-pzn-07379385-2473387", "https://volksversand.de/arzneimittel/hydrocortison-ratiopharm-0-5-30-g-creme-pzn-09703312-2441962", "https://volksversand.de/arzneimittel/hydrocortison-ratiopharm-0-5-30-g-creme-pzn-09703312-2441962", "https://volksversand.de/artikel/fenistil-kuehl-roll-on-8-ml-pzn-04074946-2076206", "https://volksversand.de/artikel/fenistil-kuehl-roll-on-8-ml-pzn-04074946-2076206", "https://volksversand.de/beauty-und-pflege/zinksalbe-medibond-50-ml-2983724", "https://volksversand.de/beauty-und-pflege/zinksalbe-medibond-50-ml-2983724", "https://volksversand.de/beauty-und-pflege/la-roche-posay-effaclar-duo-lsf30-40-ml-creme-gratis-effaclar-gel-50-ml-pzn-12828709-2976348", "https://volksversand.de/beauty-und-pflege/la-roche-posay-effaclar-duo-lsf30-40-ml-creme-gratis-effaclar-gel-50-ml-pzn-12828709-2976348", "https://volksversand.de/beauty-und-pflege/cerave-porentiefe-reinigung-gel-236-ml-gratis-5-ml-pzn-18168757-3163201", "https://volksversand.de/beauty-und-pflege/cerave-porentiefe-reinigung-gel-236-ml-gratis-5-ml-pzn-18168757-3163201", "https://volksversand.de/familie-und-baby/linola-schutz-balsam-100-ml-gratis-linola-dusch-und-wasch-100-ml-pzn-10339828-3177540", "https://volksversand.de/familie-und-baby/linola-schutz-balsam-100-ml-gratis-linola-dusch-und-wasch-100-ml-pzn-10339828-3177540", "https://volksversand.de/artikel/aloe-vera-gel-200-ml-pzn-03434207-2718740", "https://volksversand.de/artikel/aloe-vera-gel-200-ml-pzn-03434207-2718740", "#content--also-bought", "#", "https://volksversand.de/arzneimittel/ibuprofen-medibond-400mg-schmerztabletten-50-stueck-pzn-12472371-2909844", "https://volksversand.de/arzneimittel/ibuprofen-medibond-400mg-schmerztabletten-50-stueck-pzn-12472371-2909844", "https://volksversand.de/arzneimittel/hydrocortison-ratiopharm-0-5-2-x-30-g-creme-pzn-09703312-3038593", "https://volksversand.de/arzneimittel/hydrocortison-ratiopharm-0-5-2-x-30-g-creme-pzn-09703312-3038593", "https://volksversand.de/arzneimittel/olynth-0-1-nasenspray-fuer-erwachsene-2-x-15-ml-pzn-04300124-3007960", "https://volksversand.de/arzneimittel/olynth-0-1-nasenspray-fuer-erwachsene-2-x-15-ml-pzn-04300124-3007960", "https://volksversand.de/arzneimittel/ambroxol-ratiopharm-hustensaft-2-x-250-ml-saft-pzn-00563111-2646198", "https://volksversand.de/arzneimittel/ambroxol-ratiopharm-hustensaft-2-x-250-ml-saft-pzn-00563111-2646198", "https://volksversand.de/arzneimittel/nasic-nasenspray-15-ml-pzn-10065578-2646776", "https://volksversand.de/arzneimittel/nasic-nasenspray-15-ml-pzn-10065578-2646776", "https://volksversand.de/familie-und-baby/penaten-baby-puder-100-g-pzn-07437237-2132660", "https://volksversand.de/familie-und-baby/penaten-baby-puder-100-g-pzn-07437237-2132660", "https://volksversand.de/arzneimittel/dexpanthenol-axicur-wund-und-heilcreme-100-g-pzn-17916832-3156429", "https://volksversand.de/arzneimittel/dexpanthenol-axicur-wund-und-heilcreme-100-g-pzn-17916832-3156429", "https://volksversand.de/nahrungsergaenzungsmittel/shape-rgy-microbionic-90-kapseln-pzn-18029518-3139359", "https://volksversand.de/nahrungsergaenzungsmittel/shape-rgy-microbionic-90-kapseln-pzn-18029518-3139359", "https://volksversand.de/artikel/thiocyn-haarserum-frauen-3-x-150-ml-gratis-50-ml-pzn-16008512-3034550", "https://volksversand.de/artikel/thiocyn-haarserum-frauen-3-x-150-ml-gratis-50-ml-pzn-16008512-3034550", "https://volksversand.de/arzneimittel/desloratadin-heumann-5-mg-10-filmtabletten-pzn-16908368-3034238", "https://volksversand.de/arzneimittel/desloratadin-heumann-5-mg-10-filmtabletten-pzn-16908368-3034238", "https://volksversand.de/arzneimittel/imidin-n-nasenspray-2-x-15-ml-pzn-09440195-3023702", "https://volksversand.de/arzneimittel/imidin-n-nasenspray-2-x-15-ml-pzn-09440195-3023702", "https://volksversand.de/arzneimittel/hoggar-night-2-x-20-tabletten-pzn-04402066-2999175", "https://volksversand.de/arzneimittel/hoggar-night-2-x-20-tabletten-pzn-04402066-2999175", "https://volksversand.de/artikel/tyrosur-careexpert-wundgel-50-g-pzn-12742445-2995694", "https://volksversand.de/artikel/tyrosur-careexpert-wundgel-50-g-pzn-12742445-2995694", "https://volksversand.de/arzneimittel/loperamid-akut-heumann-10-tabletten-pzn-04633535-2053957", "https://volksversand.de/arzneimittel/loperamid-akut-heumann-10-tabletten-pzn-04633535-2053957", "https://volksversand.de/arzneimittel/hydrocort-1a-pharma-0-5-creme-20-g-pzn-14236870-2982809", "https://volksversand.de/arzneimittel/hydrocort-1a-pharma-0-5-creme-20-g-pzn-14236870-2982809", "https://volksversand.de/arzneimittel/wick-medinait-erkaeltungssirup-fuer-die-nacht-2-x-180-ml-pzn-01689009-2951622", "https://volksversand.de/arzneimittel/wick-medinait-erkaeltungssirup-fuer-die-nacht-2-x-180-ml-pzn-01689009-2951622", "#", "#", "#", "#", "#", "#", "#", "#content--product-reviews", "#", "#", "#", "https://volksversand.de/arzneimittel/hydrocortison-ratiopharm-0-5-30-g-creme-pzn-09703312-2441962", "https://volksversand.de/arzneimittel/hydrocortison-ratiopharm-0-5-30-g-creme-pzn-09703312-2441962", "https://volksversand.de/versandkosten", null, "https://volksversand.de/arzneimittel/fenihydrocort-creme-0-5-30-g-pzn-10796974-2711604", "https://volksversand.de/arzneimittel/fenihydrocort-creme-0-5-30-g-pzn-10796974-2711604", "https://volksversand.de/versandkosten", null, "https://volksversand.de/arzneimittel/soventol-hydrocort-0-5-30-g-creme-pzn-04465138-2110856", "https://volksversand.de/arzneimittel/soventol-hydrocort-0-5-30-g-creme-pzn-04465138-2110856", "https://volksversand.de/versandkosten", null, "https://volksversand.de/arzneimittel/ebenol-0-5-30-g-creme-pzn-05103319-2077758", "https://volksversand.de/arzneimittel/ebenol-0-5-30-g-creme-pzn-05103319-2077758", "https://volksversand.de/versandkosten", null, "https://volksversand.de/arzneimittel/linola-akut-0-5-30-g-creme-pzn-02138990-2050706", "https://volksversand.de/arzneimittel/linola-akut-0-5-30-g-creme-pzn-02138990-2050706", "https://volksversand.de/versandkosten", null, "https://volksversand.de/arzneimittel/systral-hydrocort-0-5-creme-30-g-pzn-01234065-2082907", "https://volksversand.de/arzneimittel/systral-hydrocort-0-5-creme-30-g-pzn-01234065-2082907", "https://volksversand.de/versandkosten", null, "https://volksversand.de/arzneimittel/hydrocutan-creme-0-5-20-g-creme-pzn-06576818-2450310", "https://volksversand.de/arzneimittel/hydrocutan-creme-0-5-20-g-creme-pzn-06576818-2450310", "https://volksversand.de/versandkosten", null, "https://volksversand.de/arzneimittel/hydrocortison-hexal-0-25-20-g-creme-pzn-02756593-2441277", "https://volksversand.de/arzneimittel/hydrocortison-hexal-0-25-20-g-creme-pzn-02756593-2441277", "https://volksversand.de/versandkosten", null, "https://volksversand.de/arzneimittel/hydrocortison-hexal-0-25-20-g-creme-pzn-02756593-2441277", "#", "#", "#", "#", "#", "#", "#", "mailto:info@volksversand.de", "/arzneimittel/angebote/", "https://volksversand.de/arzneimittel/angebote/", "https://volksversand.de/arzneimittel/neu-im-sortiment/", "/arzneimittel/", "https://volksversand.de/arzneimittel/erkaeltung-und-grippe/", "https://volksversand.de/arzneimittel/knochen-gelenke-und-muskeln/", "/arzneimittel/hausapotheke/", "https://volksversand.de/arzneimittel/hausapotheke/", "https://volksversand.de/arzneimittel/reiseapotheke/", "/arzneimittel/magen-und-darm/", "https://volksversand.de/arzneimittel/magen-und-darm/abfuehrmittel/", "https://volksversand.de/arzneimittel/magen-und-darm/durchfall/", "/arzneimittel/herz-kreislauf/", "https://volksversand.de/arzneimittel/gedaechtnis/", "https://volksversand.de/arzneimittel/gefaesse-und-venen/", "/naturheilmittel-und-homoeopathie/", "https://volksversand.de/naturheilmittel-und-homoeopathie/bachblueten/", "https://volksversand.de/naturheilmittel-und-homoeopathie/schuessler-salze/", "/beauty-und-pflege/", "https://volksversand.de/beauty-und-pflege/gesichtspflege/anti-aging/", "https://volksversand.de/beauty-und-pflege/gesichtspflege/empfindliche-haut/", "/tiergesundheit-und-tierbedarf/", "https://volksversand.de/tiergesundheit-und-tierbedarf/hunde/", "https://volksversand.de/tiergesundheit-und-tierbedarf/katzen/", "https://www.facebook.com/Volksversand-Versandapotheke-318812651653406", "https://instagram.com/volksversandversandapotheke/", "https://www.pinterest.de/volksversandversandapotheke/", "https://apps.apple.com/de/app/volksversand/id1069713065?mt=8", "https://play.google.com/store/apps/details?id=de.dupp.volkversand&hl=de", "/faq", "/gutscheine", "https://volksversand.de/versandkosten", "https://volksversand.de/liefer-und-zahlungsinformationen", "https://volksversand.de/widerrufsrecht", "javascript:openCookieConsentManager()", "https://volksversand.de/kontaktformular", "https://volksversand.de/rueckrufservice", "https://volksversand.de/kataloganforderung", "/ratgeber/", "/wechselwirkungscheck", "https://volksversand.de/bonuspunkte", "https://volksversand.de/datenschutz", "https://volksversand.de/agb", "https://volksversand.de/impressum", "/ueber-uns", "https://volksversand.de/job-angebote", "/partnerprogramm", "https://volksversand.de/datenschutz", "https://prehledy.sukl.cz/prehledy.html#/lekarny/54346000000?verify=true&referrer=https%3A%2F%2Fwww.volksversand.de%2F", "https://prehledy.sukl.cz/prehledy.html#/lekarny/54346000000?verify=true&referrer=https%3A%2F%2Fwww.volksversand.de%2F", "http://www.uskvbl.cz/en/inspections/lekarny/seznamy/detail?Id=54346000000", "https://prehledy.sukl.cz/prehledy.html#/lekarny/54346000000?verify=true&referrer=https%3A%2F%2Fwww.volksversand.de%2F", "http://www.uskvbl.cz/en/inspections/lekarny/seznamy/detail?Id=54346000000", "/bewertungen-zertifikate-und-auszeichnungen", "/bewertungen-zertifikate-und-auszeichnungen", "/bewertungen-zertifikate-und-auszeichnungen", "/bewertungen-zertifikate-und-auszeichnungen", "/bewertungen-zertifikate-und-auszeichnungen", "https://volksversand.de/datenschutz", "https://volksversand.de/agb", "https://volksversand.de/impressum", "/datenschutz", "/impressum", "#", "javascript:openCookieConsentManager()", "#", "#"]}