{"title": "Nahrungserg\u00e4nzung f\u00fcr Magen & Darm", "author": null, "url": null, "hostname": null, "description": null, "sitename": "Apotheke am Kirchweg Adendorf", "date": "2023-01-01", "id": null, "license": null, "body": null, "comments": "", "commentsbody": null, "raw_text": null, "text": "Nahrungserg\u00e4nzung f\u00fcr Magen & Darm\n-6%\n[Omni Biotic 6 60 G](https://www.docmeyer.com/produkt/09066029/)\nINSTITUT ALLERGOSAN Deutschland (privat) GmbH\n40,59 \u20ac*\nUVP (43,00 \u20ac)\nGrundpreis: 676,50 \u20ac / kg\n-5%\n[BactoFlor 10/20 30 ST](https://www.docmeyer.com/produkt/01124684/)\nINTERCELL-Pharma GmbH\n20,77 \u20ac*\nUVP (21,85 \u20ac)\n-6%\n[OMNi-BiOTiC Metatox 30X3 G](https://www.docmeyer.com/produkt/17458393/)\nINSTITUT ALLERGOSAN Deutschland (privat) GmbH\n40,59 \u20ac*\nUVP (43,00 \u20ac)\nGrundpreis: 451,00 \u20ac / kg\n-12%\n[MyBiotik Pur 30X2 G](https://www.docmeyer.com/produkt/16537452/)\nnutrimmun GmbH\n28,23 \u20ac*\nUVP (31,95 \u20ac)\nGrundpreis: 470,50 \u20ac / kg\n[OMNi-BiOTiC SR-9 28X3 G](https://www.docmeyer.com/produkt/15198255/)\nINSTITUT ALLERGOSAN Deutschland (privat) GmbH\n43,00 \u20ac*\nGrundpreis: 511,90 \u20ac / kg\n-6%\n[OptiFibre 250 G](https://www.docmeyer.com/produkt/10832782/)\nNestle Health Science (Deutschland) GmbH\n27,64 \u20ac*\nUVP (29,56 \u20ac)\nGrundpreis: 110,56 \u20ac / kg\n[Omni Biotic Panda 30X3 G](https://www.docmeyer.com/produkt/09066041/)\nINSTITUT ALLERGOSAN Deutschland (privat) GmbH\n39,95 \u20ac*\nGrundpreis: 443,89 \u20ac / kg\n-6%\n[Omni Biotic Reise 14X5 G](https://www.docmeyer.com/produkt/09066012/)\nINSTITUT ALLERGOSAN Deutschland (privat) GmbH\n21,24 \u20ac*\nUVP (22,50 \u20ac)\nGrundpreis: 303,43 \u20ac / kg\n-7%\n[Bion3 50+ Energy 90 ST](https://www.docmeyer.com/produkt/18010795/)\nProcter & Gamble GmbH\n34,81 \u20ac*\nUVP (37,49 \u20ac)\n[Omni Biotic Panda 7X3 G](https://www.docmeyer.com/produkt/01222375/)\nINSTITUT ALLERGOSAN Deutschland (privat) GmbH\n10,95 \u20ac*\nGrundpreis: 521,43 \u20ac / kg\n-5%\n[MyBIOTIK PROTECT 15X2 G](https://www.docmeyer.com/produkt/15890850/)\nnutrimmun GmbH\n20,43 \u20ac*\nUVP (21,45 \u20ac)\nGrundpreis: 681,00 \u20ac / kg\n-6%\n[Caricol Gastro 3X21 ML](https://www.docmeyer.com/produkt/15377963/)\nINSTITUT ALLERGOSAN Deutschland (privat) GmbH\n4,24 \u20ac*\nUVP (4,50 \u20ac)\nGrundpreis: 67,30 \u20ac / l\n-6%\n[OMNi-BiOTiC SR-9 7X3 G](https://www.docmeyer.com/produkt/15198249/)\nINSTITUT ALLERGOSAN Deutschland (privat) GmbH\n10,34 \u20ac*\nUVP (10,95 \u20ac)\nGrundpreis: 492,38 \u20ac / kg\n-6%\n[CARICOL Gastro 20X20 ML](https://www.docmeyer.com/produkt/14021856/)\nINSTITUT ALLERGOSAN Deutschland (privat) GmbH\n24,49 \u20ac*\nUVP (25,95 \u20ac)\nGrundpreis: 61,23 \u20ac / l\n-17%\n[ProBio-Cult Duo Syxyl 30 ST](https://www.docmeyer.com/produkt/13335759/)\nMCM KLOSTERFRAU Vertr. GmbH\n21,62 \u20ac*\nUVP (26,19 \u20ac)\n-6%\n[Caricol 20X21 ML](https://www.docmeyer.com/produkt/09884644/)\nINSTITUT ALLERGOSAN Deutschland (privat) GmbH\n23,55 \u20ac*\nUVP (24,95 \u20ac)\nGrundpreis: 56,07 \u20ac / l\n-6%\n[SYMBIOLACT COMP 3X30 ST](https://www.docmeyer.com/produkt/00171865/)\nSymbioPharm GmbH\n94,35 \u20ac*\nUVP (99,95 \u20ac)\n-6%\n[OMNi-BiOTiC SR-9 mit B-Vitaminen 28X3 G](https://www.docmeyer.com/produkt/16487346/)\nINSTITUT ALLERGOSAN Deutschland (privat) GmbH\n40,59 \u20ac*\nUVP (43,00 \u20ac)\nGrundpreis: 483,21 \u20ac / kg\n-6%\n[OMNI LOGIC Apfelpektin 180 ST](https://www.docmeyer.com/produkt/11678662/)\nINSTITUT ALLERGOSAN Deutschland (privat) GmbH\n36,77 \u20ac*\nUVP (38,95 \u20ac)\n-11%\n[Luvos Heilerde Imutox 380 G](https://www.docmeyer.com/produkt/11175412/)\nHeilerde-Gesellschaft Luvos Just GmbH & Co. KG\n9,83 \u20ac*\nUVP (10,99 \u20ac)\nGrundpreis: 25,87 \u20ac / kg\n-6%\n[Caricol Doppelpackung 40X21 ML](https://www.docmeyer.com/produkt/10064863/)\nINSTITUT ALLERGOSAN Deutschland (privat) GmbH\n42,44 \u20ac*\nUVP (44,95 \u20ac)\nGrundpreis: 50,52 \u20ac / l\n-6%\n[Verbenebl\u00e4tter 100 G](https://www.docmeyer.com/produkt/08466092/)\nApoFit Arzneimittelvertrieb GmbH\n5,62 \u20ac*\nUVP (5,99 \u20ac)\nGrundpreis: 56,20 \u20ac / kg\n-16%\n[Leinsamen goldgelb Aurica 500 G](https://www.docmeyer.com/produkt/07321629/)\nAURICA Naturheilm.u.Naturwaren GmbH\n5,01 \u20ac*\nUVP (5,95 \u20ac)\nGrundpreis: 10,02 \u20ac / kg\n-20%\n[ULLUS MAGENKAPSELN N 50 ST](https://www.docmeyer.com/produkt/06306757/)\nPOLYPHARM GmbH\n14,24 \u20ac*\nUVP (17,85 \u20ac)\n-14%\n[LACTOBIOGEN KINDER 30 ST](https://www.docmeyer.com/produkt/06138337/)\nLaves-Arzneimittel GmbH\n34,62 \u20ac*\nUVP (40,20 \u20ac)\n-5%\n[BactoFlor 10/20 100 ST](https://www.docmeyer.com/produkt/01124690/)\nINTERCELL-Pharma GmbH\n47,49 \u20ac*\nUVP (49,99 \u20ac)\n[Omni Biotic 6 7X3 G](https://www.docmeyer.com/produkt/02597663/)\nINSTITUT ALLERGOSAN Deutschland (privat) GmbH\n13,95 \u20ac*\nGrundpreis: 664,29 \u20ac / kg\n-11%\n[Luvos Heilerde mikrofein 750 G](https://www.docmeyer.com/produkt/01649174/)\nHeilerde-Gesellschaft Luvos Just GmbH & Co. KG\n15,63 \u20ac*\nUVP (17,49 \u20ac)\nGrundpreis: 20,84 \u20ac / kg\n-5%\n[Darmflora plus 70 G](https://www.docmeyer.com/produkt/01623855/)\nDr. Wolz Zell GmbH\n14,15 \u20ac*\nUVP (14,95 \u20ac)\nGrundpreis: 202,14 \u20ac / kg\n-6%\n[Omni Biotic Power 28X4 G](https://www.docmeyer.com/produkt/01476638/)\nINSTITUT ALLERGOSAN Deutschland (privat) GmbH\n40,59 \u20ac*\nUVP (43,00 \u20ac)\nGrundpreis: 362,41 \u20ac / kg\n-32%\n[biomo Aktiv Probiot 15 ST](https://www.docmeyer.com/produkt/10979083/)\nbiomo-vital GmbH\n6,69 \u20ac*\nUVP (9,90 \u20ac)\n[Casa Sana Bauch Gut Erwachsene 50 ML](https://www.docmeyer.com/produkt/16205684/)\nHLH Bio Pharma Vertriebs GmbH\n17,90 \u20ac*\nGrundpreis: 358,00 \u20ac / l\n-6%\n[OMNI LOGIC Apfelpektin 84 ST](https://www.docmeyer.com/produkt/11678679/)\nINSTITUT ALLERGOSAN Deutschland (privat) GmbH\n23,55 \u20ac*\nUVP (24,95 \u20ac)\n-5%\n[Lactobact FORTE 120 ST](https://www.docmeyer.com/produkt/11299858/)\nHLH Bio Pharma Vertriebs GmbH\n66,10 \u20ac*\nUVP (69,80 \u20ac)\n-9%\n[NeuraxBiotic Zen 30 ST](https://www.docmeyer.com/produkt/16488280/)\nneuraxpharm Arzneimittel GmbH\n27,21 \u20ac*\nUVP (29,95 \u20ac)\n-14%\n[ProBio-Cult Junior Pro Syxyl 30 G](https://www.docmeyer.com/produkt/16586019/)\nMCM KLOSTERFRAU Vertr. GmbH\n31,58 \u20ac*\nUVP (36,66 \u20ac)\nGrundpreis: 1.052,67 \u20ac / kg\n-6%\n[OMNI-LOGIC Immun 450 G](https://www.docmeyer.com/produkt/11058965/)\nINSTITUT ALLERGOSAN Deutschland (privat) GmbH\n45,78 \u20ac*\nUVP (48,50 \u20ac)\nGrundpreis: 101,73 \u20ac / kg\n-6%\n[OMNi BiOTIC Metabolic Probiotikum 30X3 G](https://www.docmeyer.com/produkt/10322590/)\nINSTITUT ALLERGOSAN Deutschland (privat) GmbH\n40,59 \u20ac*\nUVP (43,00 \u20ac)\nGrundpreis: 451,00 \u20ac / kg", "language": null, "image": null, "pagetype": null, "links": ["https://www.docmeyer.com/#address-map", "tel:04131-400 440", "mailto:info@apotheke-am-kirchweg.de", "https://www.docmeyer.com/kontakt/#openings", "https://www.docmeyer.com/", "https://www.docmeyer.com/", "https://www.docmeyer.com/shop/rezept/", "https://www.docmeyer.com/anwendung/", "https://www.docmeyer.com/konto/", "https://www.docmeyer.com/warenkorb/", "#0", "https://www.docmeyer.com/anwendung/", "https://www.docmeyer.com/angebote/", "https://www.docmeyer.com/gutscheine/", "https://www.docmeyer.com/anwendung/1/", "https://www.docmeyer.com/anwendung/135/", "https://www.docmeyer.com/anwendung/14/", "https://www.docmeyer.com/anwendung/1137/", "https://www.docmeyer.com/anwendung/141/", "https://www.docmeyer.com/anwendung/128/", "https://www.docmeyer.com/anwendung/166/", "https://www.docmeyer.com/anwendung/125/", "https://www.docmeyer.com/anwendung/21/", "https://www.docmeyer.com/anwendung/146/", "https://www.docmeyer.com/anwendung/615/", "https://www.docmeyer.com/anwendung/", "https://www.docmeyer.com/shop/rezept/", "https://www.docmeyer.com/leistungen/", "https://www.docmeyer.com/leistungen/erezept/", "https://www.docmeyer.com/leistungen/kosmetiksortiment/", "https://www.docmeyer.com/leistungen/", "https://www.docmeyer.com/angebote/", "https://www.docmeyer.com/unsere_apotheke/", "https://www.docmeyer.com/apotheken/", "https://www.apothekerentwickler.de/hp/apotheke-am-kirchweg", "https://www.docmeyer.com/website/seite/leitbild-2483/", "https://www.aponet.de/service/notdienstapotheke-finden/suchergebnis/0/21365.html", "https://www.docmeyer.com/kontakt/", "https://www.docmeyer.com/konto/", "tel:04131-400 440", "mailto:info@apotheke-am-kirchweg.de", "https://www.docmeyer.com/kontakt/#address-map", "https://www.docmeyer.com/", "https://www.docmeyer.com/anwendung/125/", "https://www.docmeyer.com/produkt/01124709/", "https://www.docmeyer.com/produkt/09066029/", "https://www.docmeyer.com/produkt/10346573/", "https://www.docmeyer.com/produkt/01124684/", "https://www.docmeyer.com/produkt/17458393/", "https://www.docmeyer.com/produkt/16945286/", "https://www.docmeyer.com/produkt/16537452/", "https://www.docmeyer.com/produkt/15399835/", "https://www.docmeyer.com/produkt/15399812/", "https://www.docmeyer.com/produkt/15198255/", "https://www.docmeyer.com/produkt/10832782/", "https://www.docmeyer.com/produkt/09066041/", "https://www.docmeyer.com/produkt/09066012/", "https://www.docmeyer.com/produkt/18379773/", "https://www.docmeyer.com/produkt/18010795/", "https://www.docmeyer.com/produkt/17456690/", "https://www.docmeyer.com/produkt/01222375/", "https://www.docmeyer.com/produkt/15890850/", "https://www.docmeyer.com/produkt/15377963/", "https://www.docmeyer.com/produkt/15198249/", "https://www.docmeyer.com/produkt/14021856/", "https://www.docmeyer.com/produkt/13335759/", "https://www.docmeyer.com/produkt/09884644/", "https://www.docmeyer.com/produkt/00171865/", "https://www.docmeyer.com/produkt/18379796/", "https://www.docmeyer.com/produkt/18379767/", "https://www.docmeyer.com/produkt/16487346/", "https://www.docmeyer.com/produkt/15399806/", "https://www.docmeyer.com/produkt/14362511/", "https://www.docmeyer.com/produkt/13592373/", "https://www.docmeyer.com/produkt/11678662/", "https://www.docmeyer.com/produkt/11175412/", "https://www.docmeyer.com/produkt/10064863/", "https://www.docmeyer.com/produkt/08466092/", "https://www.docmeyer.com/produkt/07321629/", "https://www.docmeyer.com/produkt/06306757/", "https://www.docmeyer.com/produkt/06138337/", "https://www.docmeyer.com/produkt/01124690/", "https://www.docmeyer.com/produkt/02597663/", "https://www.docmeyer.com/produkt/01649174/", "https://www.docmeyer.com/produkt/01623855/", "https://www.docmeyer.com/produkt/01476638/", "https://www.docmeyer.com/produkt/10979083/", "https://www.docmeyer.com/produkt/12412601/", "https://www.docmeyer.com/produkt/12412593/", "https://www.docmeyer.com/produkt/16205684/", "https://www.docmeyer.com/produkt/12380427/", "https://www.docmeyer.com/produkt/12380373/", "https://www.docmeyer.com/produkt/11678679/", "https://www.docmeyer.com/produkt/11299858/", "https://www.docmeyer.com/produkt/16488280/", "https://www.docmeyer.com/produkt/16537469/", "https://www.docmeyer.com/produkt/16586019/", "https://www.docmeyer.com/produkt/11058965/", "https://www.docmeyer.com/produkt/10322590/", "?p=2", "https://www.docmeyer.com/angebote/", "https://www.docmeyer.com/gutscheine/", "https://www.docmeyer.com/shop/rezept/", "https://www.docmeyer.com/kontakt#openings", "https://www.aponet.de/service/notdienstapotheke-finden/suchergebnis/0/21365.html", "https://www.docmeyer.com/kontakt", "https://www.docmeyer.com/apotheken/", "https://www.docmeyer.com/leistungen/", "https://www.docmeyer.com/info/impressum/", "https://www.docmeyer.com/info/datenschutz/", "https://www.docmeyer.com/info/bildnachweis/", "https://www.docmeyer.com/info/zahlung/", "https://www.docmeyer.com/info/versandkosten/", "https://www.docmeyer.com/info/agb/", "https://www.docmeyer.com/info/agb/#para11", "mailto:info@apotheke-am-kirchweg.de", "tel:04131-400 440"]}