{"title": "Systral Hydrocort 50 ml Emulsion kaufen | Volksversand Versandapotheke", "author": null, "url": "https://volksversand.de/arzneimittel/systral-hydrocort-50-ml-emulsion-pzn-00694818-2434561", "hostname": "volksversand.de", "description": "Wirkstoff : Hydrocortison Anwendungsgebiete: - Hautentz\u00fcndung, leichte Formen, z.B bei: - Allergische Hauterkrankung - Neurodermitis Zusammensetzung bezogen auf 1 g Emulsion...", "sitename": "Volksversand Versandapotheke", "date": "2020-10-05", "id": null, "license": null, "body": null, "comments": "", "commentsbody": null, "raw_text": null, "text": "Der Artikel wurde erfolgreich hinzugef\u00fcgt.\nSystral Hydrocort 50 ml Emulsion\n- Bei Hautentz\u00fcndungen\n- Bei allergischen Hauterkrankungen\n- Bei Neurodermitis\nArtikelnummer:\n2434561\nPZN:\n00694818\nInhalt:\n50 ml Emulsion\nMarke:\nInhalt 50 ml Emulsion\n14,98 \u20ac 0.05 Liter (299,60 \u20ac / 1 Liter)\nP 140 Bonuspunkte sichern\n[Jetzt Bonuspunkte sammeln](/volksversand-bonuspunkte)\nIn folgenden Packungsgr\u00f6\u00dfen erh\u00e4ltlich\nZu Risiken und Nebenwirkungen lesen Sie bitte die Packungsbeilage und fragen Sie Ihre \u00c4rztin, Ihren Arzt oder in Ihrer Apotheke.\n42\n[](https://volksversand.de/arzneimittel/hydrocortison-ratiopharm-0-5-30-g-creme-pzn-09703312-2441962)\n(6)\n[Hydrocortison-ratiopharm 0,5%](https://volksversand.de/arzneimittel/hydrocortison-ratiopharm-0-5-30-g-creme-pzn-09703312-2441962)\nBei Entz\u00fcndungssymptomen der Haut\nAVP* 10,48 \u20ac 5,99 \u20ac\nInhalt 30 g Creme\n0.03 kg (199,67 \u20ac / 1 kg)\n0.03 kg (199,67 \u20ac / 1 kg)\n41\n[](https://volksversand.de/artikel/fenistil-kuehl-roll-on-8-ml-pzn-04074946-2076206)\n(53)\n[Fenistil K\u00fchl Roll-on](https://volksversand.de/artikel/fenistil-kuehl-roll-on-8-ml-pzn-04074946-2076206)\nBei Juckreiz und Brennen\nUVP 8,50 \u20ac 4,99 \u20ac\nInhalt 8 ml Gel\n0.008 l (623,75 \u20ac / 1 l)\n0.008 l (623,75 \u20ac / 1 l)\n40\nGRATIS\nVersand\nVersand\n[](https://volksversand.de/beauty-und-pflege/zinksalbe-medibond-50-ml-2983724)\n(26)\n[Zinksalbe Medibond](https://volksversand.de/beauty-und-pflege/zinksalbe-medibond-50-ml-2983724)\nBei rissiger & ger\u00f6teter Haut\nUVP 9,95 \u20ac 5,95 \u20ac\nInhalt 50 ml Salbe\n0.05 l (119,00 \u20ac / 1 l)\n0.05 l (119,00 \u20ac / 1 l)\n23\nGRATIS\nVersand\nVersand\n[](https://volksversand.de/beauty-und-pflege/la-roche-posay-effaclar-duo-lsf30-40-ml-creme-gratis-effaclar-gel-50-ml-pzn-12828709-2976348)\n(3)\n[La Roche Posay Effaclar Duo+ LSF30 40 ml Creme...](https://volksversand.de/beauty-und-pflege/la-roche-posay-effaclar-duo-lsf30-40-ml-creme-gratis-effaclar-gel-50-ml-pzn-12828709-2976348)\nZur Hautpflege\nUVP 20,90 \u20ac 15,99 \u20ac\nInhalt 40 ml Creme\n0.04 l (399,75 \u20ac / 1 l)\n0.04 l (399,75 \u20ac / 1 l)\n7\n[](https://volksversand.de/beauty-und-pflege/cerave-porentiefe-reinigung-gel-236-ml-gratis-5-ml-pzn-18168757-3163201)\n(3)\n[Cerave porentiefe Reinigung + gratis 5 ml](https://volksversand.de/beauty-und-pflege/cerave-porentiefe-reinigung-gel-236-ml-gratis-5-ml-pzn-18168757-3163201)\nPorentiefe Reinigung\nUVP 11,90 \u20ac 10,99 \u20ac\nInhalt 236 ml Gel\n0.236 l (46,57 \u20ac / 1 l)\n0.236 l (46,57 \u20ac / 1 l)\nGRATIS\nVersand\nVersand\n[](https://volksversand.de/familie-und-baby/linola-schutz-balsam-100-ml-gratis-linola-dusch-und-wasch-100-ml-pzn-10339828-3177540)\n(68)\n[Linola Schutz-Balsam + gratis Linola Dusch und...](https://volksversand.de/familie-und-baby/linola-schutz-balsam-100-ml-gratis-linola-dusch-und-wasch-100-ml-pzn-10339828-3177540)\nZur Hautpflege\n15,49 \u20ac\nInhalt 100 ml Balsam\n0.1 l (154,90 \u20ac / 1 l)\n0.1 l (154,90 \u20ac / 1 l)\n30\n[](https://volksversand.de/artikel/aloe-vera-gel-200-ml-pzn-03434207-2718740)\n(18)\n[Aloe Vera Gel](https://volksversand.de/artikel/aloe-vera-gel-200-ml-pzn-03434207-2718740)\nZur Hautberuhigung\nUVP 15,75 \u20ac 10,99 \u20ac\nInhalt 200 ml Gel\n0.2 l (54,95 \u20ac / 1 l)\n0.2 l (54,95 \u20ac / 1 l)\n33\n[](https://volksversand.de/arzneimittel/nasic-nasenspray-2-x-15-ml-pzn-10065578-2920841)\n(228)\n[Nasic Nasenspray](https://volksversand.de/arzneimittel/nasic-nasenspray-2-x-15-ml-pzn-10065578-2920841)\nBei Schnupfen\nAVP* 17,90 \u20ac 11,99 \u20ac\nInhalt 2 x 15 ml Nasenspray\n0.03 l (399,67 \u20ac / 1 l)\n0.03 l (399,67 \u20ac / 1 l)\n45\n[](https://volksversand.de/arzneimittel/nasenspray-ratiopharm-erwachsene-2-x-15-ml-pzn-00999848-2277838)\n(837)\n[NasenSpray-ratiopharm Erwachsene](https://volksversand.de/arzneimittel/nasenspray-ratiopharm-erwachsene-2-x-15-ml-pzn-00999848-2277838)\nBei Schnupfen\nAVP* 13,94 \u20ac 7,65 \u20ac\nInhalt 2 x 15 ml Nasenspray\n0.03 l (255,00 \u20ac / 1 l)\n0.03 l (255,00 \u20ac / 1 l)\n60\n[](https://volksversand.de/arzneimittel/ibuprofen-medibond-400mg-schmerztabletten-50-stueck-pzn-12472371-2909844)\n(163)\n[Ibuprofen Medibond 400mg Schmerztabletten](https://volksversand.de/arzneimittel/ibuprofen-medibond-400mg-schmerztabletten-50-stueck-pzn-12472371-2909844)\nBei Schmerzen und Fieber\nAVP* 12,52 \u20ac 4,99 \u20ac\nInhalt 50 Filmtabletten\n35\n[](https://volksversand.de/arzneimittel/systral-hydrocort-0-5-creme-30-g-pzn-01234065-2082907)\n(3)\n[Systral Hydrocort 0,5% Creme](https://volksversand.de/arzneimittel/systral-hydrocort-0-5-creme-30-g-pzn-01234065-2082907)\nBei Entz\u00fcndungssymptomen der Haut\nAVP* 12,48 \u20ac 7,99 \u20ac\nInhalt 30 g Creme\n0.03 kg (266,33 \u20ac / 1 kg)\n0.03 kg (266,33 \u20ac / 1 kg)\n38\n[](https://volksversand.de/arzneimittel/bepanthen-augen-und-nasensalbe-2-x-10-g-pzn-01578675-3028891)\n(39)\n[Bepanthen Augen- und Nasensalbe](https://volksversand.de/arzneimittel/bepanthen-augen-und-nasensalbe-2-x-10-g-pzn-01578675-3028891)\nZur Wundheilung\nAVP* 15,94 \u20ac 9,79 \u20ac\nInhalt 2 x 10 g Salbe\n0.02 kg (489,50 \u20ac / 1 kg)\n0.02 kg (489,50 \u20ac / 1 kg)\n27\nGRATIS\nVersand\nVersand\n[](https://volksversand.de/arzneimittel/benzaknen-10-gel-2-x-60-g-pzn-15250642-3003373) [Benzaknen 10% Gel](https://volksversand.de/arzneimittel/benzaknen-10-gel-2-x-60-g-pzn-15250642-3003373)\nBei unreiner Haut\nAVP* 21,96 \u20ac 15,99 \u20ac\nInhalt 2 x 60 g Gel\n0.12 kg (133,25 \u20ac / 1 kg)\n0.12 kg (133,25 \u20ac / 1 kg)\n42\n[](https://volksversand.de/arzneimittel/hydrocortison-ratiopharm-0-5-30-g-creme-pzn-09703312-2441962)\n(6)\n[Hydrocortison-ratiopharm 0,5%](https://volksversand.de/arzneimittel/hydrocortison-ratiopharm-0-5-30-g-creme-pzn-09703312-2441962)\nBei Entz\u00fcndungssymptomen der Haut\nAVP* 10,48 \u20ac 5,99 \u20ac\nInhalt 30 g Creme\n0.03 kg (199,67 \u20ac / 1 kg)\n0.03 kg (199,67 \u20ac / 1 kg)\n22\n[](https://volksversand.de/arzneimittel/soventol-hydrocort-0-5-30-ml-spray-pzn-10012814-2628170)\n(1)\n[Soventol Hydrocort 0,5%](https://volksversand.de/arzneimittel/soventol-hydrocort-0-5-30-ml-spray-pzn-10012814-2628170)\nBei Entz\u00fcndungssymptomen der Haut\nAVP* 12,97 \u20ac 9,99 \u20ac\nInhalt 30 ml Spray\n0.03 l (333,00 \u20ac / 1 l)\n0.03 l (333,00 \u20ac / 1 l)\n43\n[](https://volksversand.de/arzneimittel/hydrocortison-ratiopharm-0-5-2-x-30-g-creme-pzn-09703312-3038593)\n(6)\n[Hydrocortison-ratiopharm 0,5% Creme](https://volksversand.de/arzneimittel/hydrocortison-ratiopharm-0-5-2-x-30-g-creme-pzn-09703312-3038593)\nBei Entz\u00fcndungssymptomen der Haut\nAVP* 20,96 \u20ac 11,79 \u20ac\nInhalt 2 x 30 g Creme\n0.06 kg (196,50 \u20ac / 1 kg)\n0.06 kg (196,50 \u20ac / 1 kg)\nGRATIS\nVersand\nVersand\n[](https://volksversand.de/nahrungsergaenzungsmittel/dr.-theiss-melatonin-einschlaf-spray-50-ml-pzn-16910187-3032307)\n(11)\n[Dr. Theiss Melatonin Einschlaf-Spray](https://volksversand.de/nahrungsergaenzungsmittel/dr.-theiss-melatonin-einschlaf-spray-50-ml-pzn-16910187-3032307)\nNahrungserg\u00e4nzungsmittel mit Mel...\n16,95 \u20ac\nInhalt 50 ml Spray\n0.05 l (339,00 \u20ac / 1 l)\n0.05 l (339,00 \u20ac / 1 l)\n35\n[](https://volksversand.de/arzneimittel/paracetamol-ratiopharm-1000-mg-10-tabletten-pzn-09263936-2140713)\n(29)\n[Paracetamol-ratiopharm 1000 mg](https://volksversand.de/arzneimittel/paracetamol-ratiopharm-1000-mg-10-tabletten-pzn-09263936-2140713)\nBei Schmerzen und Fieber\nAVP* 4,49 \u20ac 2,89 \u20ac\nInhalt 10 Tabletten\n46\nGRATIS\nVersand\nVersand\n[](https://volksversand.de/arzneimittel/acc-akut-600-mg-hustenloeser-40-brausetabletten-pzn-00520917-2080570)\n(189)\n[ACC akut 600 mg Hustenl\u00f6ser](https://volksversand.de/arzneimittel/acc-akut-600-mg-hustenloeser-40-brausetabletten-pzn-00520917-2080570)\nL\u00f6st den Hustenschleim\nAVP* 30,58 \u20ac 16,35 \u20ac\nInhalt 40 Brausetabletten\n24\n[](https://volksversand.de/arzneimittel/soventol-hydrocort-0-5-30-g-creme-pzn-04465138-2110856)\n(18)\n[Soventol HydroCort 0,5%](https://volksversand.de/arzneimittel/soventol-hydrocort-0-5-30-g-creme-pzn-04465138-2110856)\nBei Entz\u00fcndungssymptomen der Haut\nAVP* 15,97 \u20ac 11,99 \u20ac\nInhalt 30 g Creme\n0.03 kg (399,67 \u20ac / 1 kg)\n0.03 kg (399,67 \u20ac / 1 kg)\n28\n[](https://volksversand.de/arzneimittel/fenistil-tropfen-20-ml-pzn-01329096-2010122)\n(13)\n[Fenistil Tropfen](https://volksversand.de/arzneimittel/fenistil-tropfen-20-ml-pzn-01329096-2010122)\nBei Allergie\nAVP* 7,00 \u20ac 4,99 \u20ac\nInhalt 20 ml L\u00f6sung\n0.02 l (249,50 \u20ac / 1 l)\n0.02 l (249,50 \u20ac / 1 l)\nWirkstoff : Hydrocortison Anwendungsgebiete: - Hautentz\u00fcndung, leichte Formen, z.B bei:...\n[mehr](#)\nProduktinformationen \"Systral Hydrocort 50 ml Emulsion\"\nWirkstoff : Hydrocortison\nAnwendungsgebiete:\n- Hautentz\u00fcndung, leichte Formen, z.B bei:\n- Allergische Hauterkrankung\n- Neurodermitis\nZusammensetzung bezogen auf 1 g Emulsion\nHydrocortison,2-Phenoxyethanol,Decyloleat,Cetylstearylalkohol,Cetomacr ogol 1000,Propylenglycol,Dimeticon 20,Citronens\u00e4ure, wasserfreie,Dinatriumhydrogenphosphat-2-Wasser,Wasser, gereinigtes\nAnwendungsgebiete:\n- Hautentz\u00fcndung, leichte Formen, z.B bei:\n- Allergische Hauterkrankung\n- Neurodermitis\nZusammensetzung bezogen auf 1 g Emulsion\nHydrocortison,2-Phenoxyethanol,Decyloleat,Cetylstearylalkohol,Cetomacr ogol 1000,Propylenglycol,Dimeticon 20,Citronens\u00e4ure, wasserfreie,Dinatriumhydrogenphosphat-2-Wasser,Wasser, gereinigtes\nBeipackzettel\nWeitere Produkte mit dem gleichen Wirkstoff\nHydrocortison\n42\n[](https://volksversand.de/arzneimittel/hydrocortison-ratiopharm-0-5-30-g-creme-pzn-09703312-2441962) [Hydrocortison-ratiopharm 0,5% 30 g Creme](https://volksversand.de/arzneimittel/hydrocortison-ratiopharm-0-5-30-g-creme-pzn-09703312-2441962)\n(6)\nBei Entz\u00fcndungssymptomen der Haut\nInhalt 30 g Creme\n0.03 kg (199,67 \u20ac / 1 kg)\n0.03 kg (199,67 \u20ac / 1 kg)\nLieferzeit 1-2 Tage\nAVP* 10,48 \u20ac 5,99 \u20ac\n[]\n24\n[](https://volksversand.de/arzneimittel/fenihydrocort-creme-0-5-30-g-pzn-10796974-2711604) [FeniHydrocort Creme 0,5 % 30 g](https://volksversand.de/arzneimittel/fenihydrocort-creme-0-5-30-g-pzn-10796974-2711604)\n(11)\nBei Entz\u00fcndungssymptomen der Haut\nInhalt 30 g Creme\n0.03 kg (399,67 \u20ac / 1 kg)\n0.03 kg (399,67 \u20ac / 1 kg)\nLieferzeit 1-2 Tage\nAVP* 15,97 \u20ac 11,99 \u20ac\n[]\n24\n[](https://volksversand.de/arzneimittel/soventol-hydrocort-0-5-30-g-creme-pzn-04465138-2110856) [Soventol Hydrocort 0,5 % 30 g Creme](https://volksversand.de/arzneimittel/soventol-hydrocort-0-5-30-g-creme-pzn-04465138-2110856)\n(18)\nBei Entz\u00fcndungssymptomen der Haut\nInhalt 30 g Creme\n0.03 kg (399,67 \u20ac / 1 kg)\n0.03 kg (399,67 \u20ac / 1 kg)\nLieferzeit 1-2 Tage\nAVP* 15,97 \u20ac 11,99 \u20ac\n[]\n19\n[](https://volksversand.de/arzneimittel/ebenol-0-5-30-g-creme-pzn-05103319-2077758) [Ebenol 0,5% 30 g Creme](https://volksversand.de/arzneimittel/ebenol-0-5-30-g-creme-pzn-05103319-2077758)\n(7)\nBei Entz\u00fcndungssymptomen der Haut\nInhalt 30 g Creme\n0.03 kg (333,00 \u20ac / 1 kg)\n0.03 kg (333,00 \u20ac / 1 kg)\nLieferzeit 1-2 Tage\nAVP* 12,42 \u20ac 9,99 \u20ac\n[]\n25\n[](https://volksversand.de/arzneimittel/linola-akut-0-5-30-g-creme-pzn-02138990-2050706) [Linola akut 0,5% 30 g Creme](https://volksversand.de/arzneimittel/linola-akut-0-5-30-g-creme-pzn-02138990-2050706)\n(4)\nBei Entz\u00fcndungssymptomen der Haut\nInhalt 30 g Creme\n0.03 kg (353,00 \u20ac / 1 kg)\n0.03 kg (353,00 \u20ac / 1 kg)\nLieferzeit 1-2 Tage\nAVP* 14,17 \u20ac 10,59 \u20ac\n[]\n7\n[](https://volksversand.de/arzneimittel/hydrocutan-creme-0-5-20-g-creme-pzn-06576818-2450310) [Hydrocutan Creme 0,5% 20 G Creme](https://volksversand.de/arzneimittel/hydrocutan-creme-0-5-20-g-creme-pzn-06576818-2450310)\n(1)\nBei Entz\u00fcndungssymptomen der Haut\nInhalt 20 g Creme\n0.02 kg (268,00 \u20ac / 1 kg)\n0.02 kg (268,00 \u20ac / 1 kg)\nLieferzeit 1-3 Tage\nAVP* 5,81 \u20ac 5,36 \u20ac\n[] [](https://volksversand.de/arzneimittel/muni-0-5-hc-30-g-creme-pzn-07276113-2456317) [Muni 0,5 % Hc 30 G Creme](https://volksversand.de/arzneimittel/muni-0-5-hc-30-g-creme-pzn-07276113-2456317)\n(1)\nBei Entz\u00fcndungssymptomen der Haut\nInhalt 30 g Creme\n0.03 kg (341,33 \u20ac / 1 kg)\n0.03 kg (341,33 \u20ac / 1 kg)\nLieferzeit 1-3 Tage\n10,24 \u20ac\n[]\n41\n[](https://volksversand.de/arzneimittel/hydrocortison-hexal-0-25-20-g-creme-pzn-02756593-2441277) [Hydrocortison Hexal 0,25% 20 g Creme](https://volksversand.de/arzneimittel/hydrocortison-hexal-0-25-20-g-creme-pzn-02756593-2441277)\n(3)\nBei Entz\u00fcndungssymptomen der Haut\nInhalt 20 g Creme\n0.02 kg (169,50 \u20ac / 1 kg)\n0.02 kg (169,50 \u20ac / 1 kg)\nDerzeit nicht lieferbar\nAVP* 5,82 \u20ac 3,39 \u20ac\n[]\nweitere Informationen \"Systral Hydrocort 50 ml Emulsion\"\nHydrocortison\n- Hautentz\u00fcndung, leichte Formen, z.B bei:\n- Allergische Hauterkrankung\n- Neurodermitis\nDie Gesamtdosis sollte nicht ohne R\u00fccksprache mit einer \u00c4rztin, einem einem Arzt oder Apotheker \u00fcberschritten werden.\nArt der Anwe ndung?\nTragen Sie das Arzneimittel auf die betroffene(n) Hautstelle(n) auf. Waschen Sie nach der Anwendung gr\u00fcndl ich die H\u00e4nde. Vermeiden Sie den versehentlichen Kontakt mit Schleimh\u00e4uten, Augen und offenen Hautstellen.\nDau er der Anwendung?\nOhne \u00e4rztlichen Rat sollten Sie das Arzneimittel nicht l\u00e4nger als 4 Wochen anwenden. Bei l\u00e4nger anhaltenden oder regelm\u00e4\u00dfig wiederkehrenden Beschwerden sollten Sie Ihren Arzt aufsuchen.\n\u00dcberdosierung? < BR> Wird das Arzneimittel wie beschrieben angewendet, sind keine \u00dcberdosierungserscheinungen bekannt. Bei l\u00e4nger andauern der Anwendung kann es unter anderem zu Steroidakne, Erweiterung kleiner Hautgef\u00e4\u00dfe, Hautfarbenver\u00e4nderung und Hautverd\u00fcn nung kommen. Im Zweifelsfall wenden Sie sich an Ihren Arzt.\nAnwendung vergessen?\nSetzen Sie die Anwendu ng zum n\u00e4chsten vorgeschriebenen Zeitpunkt ganz normal (also nicht mit der doppelten Menge) fort.\nGenerell gilt: Achten Sie vor allem bei S\u00e4uglingen, Kleinkindern und \u00e4lteren Menschen auf eine gewissenhafte Dosierung. Im Zweifelsfall e fragen Sie Ihre \u00c4rztin, Ihren Arzt oder Apotheker nach etwaigen Auswirkungen oder Vorsichtsma\u00dfnahmen.\nEine vom Arzt verordne te Dosierung kann von den Angaben der Packungsbeilage abweichen. Da der Arzt sie individuell abstimmt, sollten Sie das A rzneimittel daher nach seinen Anweisungen anwenden.\nWie wirkt der Inhaltsstoff des Arzneimittels?\nDer Wirkstoff ist ein verwandter Stoff zum Kortison. Kortiso n ist ein Hormon, das vom K\u00f6rper auch selbst hergestellt wird.\nBei Verletzungen l\u00e4uft die k\u00f6rpereigene Abwehr auf Hoc htouren, etliche Botenstoffe und Abwehrzellen str\u00f6men zum Ort des Geschehens und vernichten eingedrungene Erreger und du rch die Verletzung entstandene Zelltr\u00fcmmer oder Blutgerinnsel. Diese Arbeit f\u00fchrt in dem betroffenen Gebiet zu Entz\u00fcndun gen und damit verbunden zu Schwellungen, R\u00f6tungen und letztlich zu Schmerzen. Der Wirkstoff drosselt diese k\u00f6rpereigenen Abwehrmechanismen, besonders wenn sie - wie etwa bei Allergien - zu \u00fcbertrieben ausf\u00e4llt. Er wirkt vor allem auf der Ha ut entz\u00fcndungshemmend und beseitigt Juckreiz, R\u00f6tungen, Schwellungen und Pusteln.\nWas spricht gegen eine Anwendung?\n- \u00dcberempfindlichkeit gegen die Inhaltsstoffe\n- Virusinfektionen der Haut, z.B.:\n- Windpocken\n- Herpes-Infektionen\n- Bakterieninfektionen der Haut, wie:\n- Hauttuberkulose\n- Syphilis (Lues) (Geschlechts- und Hautkrankheit)\n- Akne\n- Periorale Dermatitis (akne\u00e4hnliche entz\u00fcndliche Haut erkrankung im Mundbereich)\n- Rosacea (entz\u00fcndliche Hauterkrankung im Gesichtsbereich)\n- Pilzinfektionen der Haut - Nach einer Impfung auftretende Hautreaktion\nWelche Altersgruppe ist zu beachten?\n- Kinder unter 6 J ahren: Das Arzneimittel darf nur nach R\u00fccksprache mit einem Arzt oder unter \u00e4rztlicher Kontrolle angewendet werden.\n< BR> Was ist mit Schwangerschaft und Stillzeit?\n- Schwangerschaft: Wenden Sie sich an Ihren Arzt. Es spielen ver schiedene \u00dcberlegungen eine Rolle, ob und wie das Arzneimittel in der Schwangerschaft angewendet werden kann.\n- Still zeit: Wenden Sie sich an Ihre \u00c4rztin. Ihren Arzt oder Apotheker. Er wird Ihre besondere Ausgangslage pr\u00fcfen und Sie entsprechend bera ten, ob und wie Sie mit dem Stillen weitermachen k\u00f6nnen.\nIst Ihnen das Arzneimittel trotz einer Gegenanzeige vero rdnet worden, sprechen Sie mit Ihrer \u00c4rztin, Ihrem Arzt oder Apotheker. Der therapeutische Nutzen kann h\u00f6her sein, als das Risiko, das die Anwendung bei einer Gegenanzeige in sich birgt.\nWelche unerw\u00fcnschten Wirkungen k\u00f6nnen auftreten?\nF\u00fcr das Arzneimittel sind nur Nebenwirkungen beschrieben, die bisher nur in Ausnahmef\u00e4llen aufgetreten sind.\nBemerken Sie eine Befindlichkeitsst\u00f6rung oder Ver\u00e4nderung w\u00e4h rend der Behandlung, wenden Sie sich an Ihren Arzt oder Apotheker.\nF\u00fcr die Information an dieser Stelle werden vo r allem Nebenwirkungen ber\u00fccksichtigt, die bei mindestens einem von 1.000 behandelten Patienten auftreten.\nWas sollten Sie beachten?\n- Vorsicht bei Kortikoid-Allergie (z.B. Kortison)!\n- Vorsicht bei Allergie gegen Phenol (z.B. Pyrogallol, Triclosan und Vanillin)!\n- Vorsicht bei Allergie gegen Emulgatoren (z.B. Cetylstearylalkohol )!\n- Vorsicht bei Allergie gegen das L\u00f6sungsmittel Polyethylenglycol (EU-Nummer E 431)!\n- Vorsicht bei Allergie ge gen das L\u00f6sungsmittel Propylenglycol (EU-Nummer E 477)!\n- Vorsicht bei Allergie gegen Zitronens\u00e4ure (z.B. in Zitrusfr \u00fcchten, Johannisbeeren, \u00c4pfel)!\nZusammensetzung bezogen auf 1 g Emulsion\nHydrocortison,2-Phenoxyethanol,Decyloleat,Cetylstearylalkohol,Cetomacr ogol 1000,Propylenglycol,Dimeticon 20,Citronens\u00e4ure, wasserfreie,Dinatriumhydrogenphosphat-2-Wasser,Wasser, gereinigtes\nBewertungen lesen, schreiben und diskutieren...\n[mehr](#)\nBewertungen und Erfahrungen zu \"Systral Hydrocort 50 ml Emulsion\". Das meinen unsere Kunden zu diesem Produkt:\nBewertung schreiben\nBewertungen werden nach \u00dcberpr\u00fcfung freigeschaltet\nCookie-Einstellungen\nHier k\u00f6nnen Sie Ihre pers\u00f6nlichen Einstellungen vornehmen. F\u00fcr ein bestm\u00f6gliches Einkaufserlebnis empfehlen wir Ihnen, alle Cookies zuzulassen.\nKonfiguration\nTechnisch erforderlich\nDiese Cookies sind f\u00fcr die Grundfunktionen des Shops notwendig.\nKomfortfunktionen\nDiese Cookies werden genutzt um das Einkaufserlebnis noch ansprechender zu gestalten, beispielsweise f\u00fcr die Wiedererkennung des Besuchers.\nStatistik & Tracking\nDiese Cookies erfassen anonymisierte Informationen f\u00fcr Statistiken und Analysen.\nService-Dienstleister\nAuf unserer Website werden externe Dienstleister eingebunden, die Ihren Service eigenverantwortlich erbringen.\nZuletzt angesehen", "language": null, "image": "https://property.volksversand.de/media/image/88/65/cf/10139459-systral_hydrocort_emulsionNMmoUVjGcVwnD.jpg", "pagetype": "product", "links": ["https://volksversand.de/", "/ratgeber/", "/faq", "https://volksversand.de/kontaktformular", "https://volksversand.de/volksversand-bonuspunkte", "https://volksversand.de/datenschutz", "https://volksversand.de/rueckrufservice", "https://volksversand.de/versandkosten", "https://volksversand.de/agb", "https://volksversand.de/liefer-und-zahlungsinformationen", "https://volksversand.de/impressum", "https://volksversand.de/widerrufsrecht", "/bonuspunkte", "https://volksversand.de/", "/bewertungen-zertifikate-und-auszeichnungen", "#offcanvas--left", "#show-hide--search", "/bewertungen-zertifikate-und-auszeichnungen", "/arzneimittel/angebote/", "https://volksversand.de/account", "https://volksversand.de/wishlist", "https://volksversand.de/direktbestellung", "https://volksversand.de/checkout/cart", "https://volksversand.de/abnehmen-sport-und-ernaehrung/", "https://volksversand.de/arzneimittel/", "https://volksversand.de/beauty-und-pflege/", "https://volksversand.de/familie-und-baby/", "https://volksversand.de/naturheilmittel-und-homoeopathie/", "https://volksversand.de/tiergesundheit-und-tierbedarf/", "https://volksversand.de/abnehmen-sport-und-ernaehrung/", "https://volksversand.de/abnehmen-sport-und-ernaehrung/diaet-und-abnehmen/", "https://volksversand.de/abnehmen-sport-und-ernaehrung/fitness-und-sportzubehoer/", "https://volksversand.de/abnehmen-sport-und-ernaehrung/gesunde-ernaehrung/", "https://volksversand.de/abnehmen-sport-und-ernaehrung/sportnahrung/", "https://volksversand.de/abnehmen-sport-und-ernaehrung/vegane-nahrungsergaenzung/", "https://volksversand.de/abnehmen-sport-und-ernaehrung/", "https://volksversand.de/arzneimittel/", "https://volksversand.de/arzneimittel/angebote/", "https://volksversand.de/arzneimittel/neu-im-sortiment/", "https://volksversand.de/arzneimittel/gratis-beigaben/", "https://volksversand.de/arzneimittel/allergie-und-heuschnupfen/", "https://volksversand.de/arzneimittel/augen-nase-und-ohren/", "https://volksversand.de/arzneimittel/beruhigung-schlaf-und-wohlbefinden/", "https://volksversand.de/arzneimittel/erkaeltung-und-grippe/", "https://volksversand.de/arzneimittel/haut-haare-und-naegel/", "https://volksversand.de/arzneimittel/knochen-gelenke-und-muskeln/", "https://volksversand.de/arzneimittel/magen-und-darm/", "https://volksversand.de/arzneimittel/reiseapotheke/", "https://volksversand.de/arzneimittel/schmerzmittel/", "https://volksversand.de/arzneimittel/vitamine-und-mineralien/", "https://volksversand.de/arzneimittel/", "https://volksversand.de/beauty-und-pflege/", "https://volksversand.de/beauty-und-pflege/baden-und-duschen/", "https://volksversand.de/beauty-und-pflege/bodylotion-und-koerperpflege/", "https://volksversand.de/beauty-und-pflege/fusscreme/", "https://volksversand.de/beauty-und-pflege/gesichtspflege/", "https://volksversand.de/beauty-und-pflege/haarpflege/", "https://volksversand.de/beauty-und-pflege/handcreme/", "https://volksversand.de/beauty-und-pflege/maennerpflege/", "https://volksversand.de/beauty-und-pflege/narbenpflege/", "https://volksversand.de/beauty-und-pflege/naturkosmetik/", "https://volksversand.de/beauty-und-pflege/sonnenschutz/", "https://volksversand.de/beauty-und-pflege/vegane-kosmetik/", "https://volksversand.de/beauty-und-pflege/wirkstoffe/", "https://volksversand.de/beauty-und-pflege/geschenkideen/", "https://volksversand.de/beauty-und-pflege/sale/", "https://volksversand.de/beauty-und-pflege/", "https://volksversand.de/familie-und-baby/", "https://volksversand.de/familie-und-baby/babynahrung/", "https://volksversand.de/familie-und-baby/fuer-ihn/", "https://volksversand.de/familie-und-baby/fuer-senioren/", "https://volksversand.de/familie-und-baby/fuer-sie/", "https://volksversand.de/familie-und-baby/gesundheit/", "https://volksversand.de/familie-und-baby/haeusliche-pflege-und-hilfsmittel/", "https://volksversand.de/familie-und-baby/hygiene-und-infektionsschutz/", "https://volksversand.de/familie-und-baby/kinderpflaster/", "https://volksversand.de/familie-und-baby/kinderreiseapotheke/", "https://volksversand.de/familie-und-baby/kinder-und-babypflege/", "https://volksversand.de/familie-und-baby/kinderwunsch/", "https://volksversand.de/familie-und-baby/mueckenschutz-und-mueckenstiche/", "https://volksversand.de/familie-und-baby/schwangerschaft/", "https://volksversand.de/familie-und-baby/stillzeit/", "https://volksversand.de/familie-und-baby/verhuetung/", "https://volksversand.de/familie-und-baby/windeln/", "https://volksversand.de/familie-und-baby/zahnen-zahnpflege/", "https://volksversand.de/familie-und-baby/sale/", "https://volksversand.de/familie-und-baby/", "https://volksversand.de/naturheilmittel-und-homoeopathie/", "https://volksversand.de/naturheilmittel-und-homoeopathie/allgemeine-homoeopathie/", "https://volksversand.de/naturheilmittel-und-homoeopathie/anthroposophie/", "https://volksversand.de/naturheilmittel-und-homoeopathie/anwendungsgebiete/", "https://volksversand.de/naturheilmittel-und-homoeopathie/aetherische-oele/", "https://volksversand.de/naturheilmittel-und-homoeopathie/bachblueten/", "https://volksversand.de/naturheilmittel-und-homoeopathie/einzelmittel/", "https://volksversand.de/naturheilmittel-und-homoeopathie/heilerde/", "https://volksversand.de/naturheilmittel-und-homoeopathie/komplexmittel/", "https://volksversand.de/naturheilmittel-und-homoeopathie/schuessler-salze/", "https://volksversand.de/naturheilmittel-und-homoeopathie/weitere-naturheilmittel/", "https://volksversand.de/naturheilmittel-und-homoeopathie/", "https://volksversand.de/tiergesundheit-und-tierbedarf/", "https://volksversand.de/tiergesundheit-und-tierbedarf/hunde/", "https://volksversand.de/tiergesundheit-und-tierbedarf/katzen/", "https://volksversand.de/tiergesundheit-und-tierbedarf/pferde/", "https://volksversand.de/tiergesundheit-und-tierbedarf/weitere-produkte/", "https://volksversand.de/tiergesundheit-und-tierbedarf/", "https://volksversand.de/", "https://volksversand.de/arzneimittel/", "https://volksversand.de/arzneimittel/haut-haare-und-naegel/", "https://volksversand.de/arzneimittel/haut-haare-und-naegel/haut/", "https://volksversand.de/arzneimittel/haut-haare-und-naegel/haut/cortisonpraeparate/", "#close-categories-menu", "https://volksversand.de/", "https://volksversand.de/", "https://volksversand.de/abnehmen-sport-und-ernaehrung/", "https://volksversand.de/arzneimittel/", "https://volksversand.de/arzneimittel/angebote/", "https://volksversand.de/arzneimittel/neu-im-sortiment/", "https://volksversand.de/arzneimittel/gratis-beigaben/", "https://volksversand.de/arzneimittel/allergie-und-heuschnupfen/", "https://volksversand.de/arzneimittel/augen-nase-und-ohren/", "https://volksversand.de/arzneimittel/beruhigung-schlaf-und-wohlbefinden/", "https://volksversand.de/arzneimittel/blase-nieren-und-prostata/", "https://volksversand.de/arzneimittel/diabetes/", "https://volksversand.de/arzneimittel/erkaeltung-und-grippe/", "https://volksversand.de/arzneimittel/gedaechtnis/", "https://volksversand.de/arzneimittel/gefaesse-und-venen/", "https://volksversand.de/arzneimittel/hausapotheke/", "https://volksversand.de/arzneimittel/haut-haare-und-naegel/", "https://volksversand.de/arzneimittel/haut-haare-und-naegel/haare/", "https://volksversand.de/arzneimittel/haut-haare-und-naegel/haut/", "https://volksversand.de/arzneimittel/haut-haare-und-naegel/haut/blasen-und-huehneraugen/", "https://volksversand.de/arzneimittel/haut-haare-und-naegel/haut/cortisonpraeparate/", "https://volksversand.de/arzneimittel/haut-haare-und-naegel/haut/ekzem/", "https://volksversand.de/arzneimittel/haut-haare-und-naegel/haut/fusspilz/", "https://volksversand.de/arzneimittel/haut-haare-und-naegel/haut/hautpilz/", "https://volksversand.de/arzneimittel/haut-haare-und-naegel/haut/herpes/", "https://volksversand.de/arzneimittel/haut-haare-und-naegel/haut/hornhaut/", "https://volksversand.de/arzneimittel/haut-haare-und-naegel/haut/juckreiz/", "https://volksversand.de/arzneimittel/haut-haare-und-naegel/haut/kraetze/", "https://volksversand.de/arzneimittel/haut-haare-und-naegel/haut/neurodermitis/", "https://volksversand.de/arzneimittel/haut-haare-und-naegel/haut/schuppenflechte/", "https://volksversand.de/arzneimittel/haut-haare-und-naegel/haut/schwitzen-und-gerueche/", "https://volksversand.de/arzneimittel/haut-haare-und-naegel/haut/tattoopflege/", "https://volksversand.de/arzneimittel/haut-haare-und-naegel/haut/verbrennungen-und-verletzungen/", "https://volksversand.de/arzneimittel/haut-haare-und-naegel/haut/warzen/", "https://volksversand.de/arzneimittel/haut-haare-und-naegel/haut/weitere-produkte/", "https://volksversand.de/arzneimittel/haut-haare-und-naegel/naegel/", "https://volksversand.de/arzneimittel/haut-haare-und-naegel/weitere-produkte/", "https://volksversand.de/arzneimittel/herz-kreislauf/", "https://volksversand.de/arzneimittel/knochen-gelenke-und-muskeln/", "https://volksversand.de/arzneimittel/leber-und-galle/", "https://volksversand.de/arzneimittel/magen-und-darm/", "https://volksversand.de/arzneimittel/mund-und-zaehne/", "https://volksversand.de/arzneimittel/raucherentwoehnung/", "https://volksversand.de/arzneimittel/reiseapotheke/", "https://volksversand.de/arzneimittel/schmerzmittel/", "https://volksversand.de/arzneimittel/vitamine-und-mineralien/", "https://volksversand.de/beauty-und-pflege/", "https://volksversand.de/familie-und-baby/", "https://volksversand.de/naturheilmittel-und-homoeopathie/", "https://volksversand.de/tiergesundheit-und-tierbedarf/", "https://volksversand.de/marke/", "https://volksversand.de/ratgeber/", "https://volksversand.de/wirkstoffe/", "", "/faq", "https://volksversand.de/kontaktformular", "https://volksversand.de/volksversand-bonuspunkte", "https://volksversand.de/datenschutz", "https://volksversand.de/rueckrufservice", "https://volksversand.de/versandkosten", "https://volksversand.de/agb", "https://volksversand.de/liefer-und-zahlungsinformationen", "https://volksversand.de/impressum", "https://volksversand.de/widerrufsrecht", "/ratgeber/", "https://volksversand.de/rueckrufservice", "https://volksversand.de/versandkosten", "#product--publish-comment", "#content--product-reviews", "https://www.facebook.com/sharer.php?u=https://volksversand.de/arzneimittel/systral-hydrocort-50-ml-emulsion-pzn-00694818-2434561&p[title]=Systral%20Hydrocort%2050%20ml%20Emulsion", "https://pinterest.com/pin/create/button/?url=https://volksversand.de/arzneimittel/systral-hydrocort-50-ml-emulsion-pzn-00694818-2434561>&description=Systral%20Hydrocort%2050%20ml%20Emulsion", null, "https://volksversand.de/systral/", "https://volksversand.de/versandkosten", "/volksversand-bonuspunkte", "https://volksversand.de/arzneimittel/systral-hydrocort-50-ml-emulsion-pzn-00694818-2434561", "https://volksversand.de/arzneimittel/systral-hydrocort-25-ml-emulsion-pzn-00694801-2128593", "#content--custom-crossselling", "#", "https://volksversand.de/beauty-und-pflege/dexeryl-creme-500-g-creme-pzn-07379385-2473387", "https://volksversand.de/beauty-und-pflege/dexeryl-creme-500-g-creme-pzn-07379385-2473387", "https://volksversand.de/arzneimittel/hydrocortison-ratiopharm-0-5-30-g-creme-pzn-09703312-2441962", "https://volksversand.de/arzneimittel/hydrocortison-ratiopharm-0-5-30-g-creme-pzn-09703312-2441962", "https://volksversand.de/artikel/fenistil-kuehl-roll-on-8-ml-pzn-04074946-2076206", "https://volksversand.de/artikel/fenistil-kuehl-roll-on-8-ml-pzn-04074946-2076206", "https://volksversand.de/beauty-und-pflege/zinksalbe-medibond-50-ml-2983724", "https://volksversand.de/beauty-und-pflege/zinksalbe-medibond-50-ml-2983724", "https://volksversand.de/beauty-und-pflege/la-roche-posay-effaclar-duo-lsf30-40-ml-creme-gratis-effaclar-gel-50-ml-pzn-12828709-2976348", "https://volksversand.de/beauty-und-pflege/la-roche-posay-effaclar-duo-lsf30-40-ml-creme-gratis-effaclar-gel-50-ml-pzn-12828709-2976348", "https://volksversand.de/beauty-und-pflege/cerave-porentiefe-reinigung-gel-236-ml-gratis-5-ml-pzn-18168757-3163201", "https://volksversand.de/beauty-und-pflege/cerave-porentiefe-reinigung-gel-236-ml-gratis-5-ml-pzn-18168757-3163201", "https://volksversand.de/familie-und-baby/linola-schutz-balsam-100-ml-gratis-linola-dusch-und-wasch-100-ml-pzn-10339828-3177540", "https://volksversand.de/familie-und-baby/linola-schutz-balsam-100-ml-gratis-linola-dusch-und-wasch-100-ml-pzn-10339828-3177540", "https://volksversand.de/artikel/aloe-vera-gel-200-ml-pzn-03434207-2718740", "https://volksversand.de/artikel/aloe-vera-gel-200-ml-pzn-03434207-2718740", "#content--also-bought", "#", "https://volksversand.de/arzneimittel/nasic-nasenspray-2-x-15-ml-pzn-10065578-2920841", "https://volksversand.de/arzneimittel/nasic-nasenspray-2-x-15-ml-pzn-10065578-2920841", "https://volksversand.de/arzneimittel/schlafsterne-20-tabletten-pzn-02026021-2082113", "https://volksversand.de/arzneimittel/schlafsterne-20-tabletten-pzn-02026021-2082113", "https://volksversand.de/arzneimittel/nasenspray-ratiopharm-erwachsene-2-x-15-ml-pzn-00999848-2277838", "https://volksversand.de/arzneimittel/nasenspray-ratiopharm-erwachsene-2-x-15-ml-pzn-00999848-2277838", "https://volksversand.de/arzneimittel/ibuprofen-medibond-400mg-schmerztabletten-50-stueck-pzn-12472371-2909844", "https://volksversand.de/arzneimittel/ibuprofen-medibond-400mg-schmerztabletten-50-stueck-pzn-12472371-2909844", "https://volksversand.de/arzneimittel/systral-hydrocort-0-5-creme-30-g-pzn-01234065-2082907", "https://volksversand.de/arzneimittel/systral-hydrocort-0-5-creme-30-g-pzn-01234065-2082907", "https://volksversand.de/arzneimittel/bepanthen-augen-und-nasensalbe-2-x-10-g-pzn-01578675-3028891", "https://volksversand.de/arzneimittel/bepanthen-augen-und-nasensalbe-2-x-10-g-pzn-01578675-3028891", "https://volksversand.de/arzneimittel/benzaknen-10-gel-2-x-60-g-pzn-15250642-3003373", "https://volksversand.de/arzneimittel/benzaknen-10-gel-2-x-60-g-pzn-15250642-3003373", "https://volksversand.de/arzneimittel/hydrocortison-ratiopharm-0-5-30-g-creme-pzn-09703312-2441962", "https://volksversand.de/arzneimittel/hydrocortison-ratiopharm-0-5-30-g-creme-pzn-09703312-2441962", "https://volksversand.de/arzneimittel/soventol-hydrocort-0-5-30-ml-spray-pzn-10012814-2628170", "https://volksversand.de/arzneimittel/soventol-hydrocort-0-5-30-ml-spray-pzn-10012814-2628170", "https://volksversand.de/arzneimittel/hydrocortison-ratiopharm-0-5-2-x-30-g-creme-pzn-09703312-3038593", "https://volksversand.de/arzneimittel/hydrocortison-ratiopharm-0-5-2-x-30-g-creme-pzn-09703312-3038593", "https://volksversand.de/nahrungsergaenzungsmittel/dr.-theiss-melatonin-einschlaf-spray-50-ml-pzn-16910187-3032307", "https://volksversand.de/nahrungsergaenzungsmittel/dr.-theiss-melatonin-einschlaf-spray-50-ml-pzn-16910187-3032307", "https://volksversand.de/arzneimittel/cetirizin-vividrin-10-mg-50-filmtabletten-pzn-12364316-2879401", "https://volksversand.de/arzneimittel/cetirizin-vividrin-10-mg-50-filmtabletten-pzn-12364316-2879401", "https://volksversand.de/arzneimittel/paracetamol-ratiopharm-1000-mg-10-tabletten-pzn-09263936-2140713", "https://volksversand.de/arzneimittel/paracetamol-ratiopharm-1000-mg-10-tabletten-pzn-09263936-2140713", "https://volksversand.de/arzneimittel/acc-akut-600-mg-hustenloeser-40-brausetabletten-pzn-00520917-2080570", "https://volksversand.de/arzneimittel/acc-akut-600-mg-hustenloeser-40-brausetabletten-pzn-00520917-2080570", "https://volksversand.de/arzneimittel/soventol-hydrocort-0-5-30-g-creme-pzn-04465138-2110856", "https://volksversand.de/arzneimittel/soventol-hydrocort-0-5-30-g-creme-pzn-04465138-2110856", "https://volksversand.de/arzneimittel/fenistil-tropfen-20-ml-pzn-01329096-2010122", "https://volksversand.de/arzneimittel/fenistil-tropfen-20-ml-pzn-01329096-2010122", "#", "#", "#", "#", "#", "#", "#", "/import/pdf/systral_hydrocort_emulsion_10182054.pdf", "#", "#", "#", "https://volksversand.de/arzneimittel/hydrocortison-ratiopharm-0-5-30-g-creme-pzn-09703312-2441962", "https://volksversand.de/arzneimittel/hydrocortison-ratiopharm-0-5-30-g-creme-pzn-09703312-2441962", "https://volksversand.de/versandkosten", null, "https://volksversand.de/arzneimittel/fenihydrocort-creme-0-5-30-g-pzn-10796974-2711604", "https://volksversand.de/arzneimittel/fenihydrocort-creme-0-5-30-g-pzn-10796974-2711604", "https://volksversand.de/versandkosten", null, "https://volksversand.de/arzneimittel/soventol-hydrocort-0-5-30-g-creme-pzn-04465138-2110856", "https://volksversand.de/arzneimittel/soventol-hydrocort-0-5-30-g-creme-pzn-04465138-2110856", "https://volksversand.de/versandkosten", null, "https://volksversand.de/arzneimittel/ebenol-0-5-30-g-creme-pzn-05103319-2077758", "https://volksversand.de/arzneimittel/ebenol-0-5-30-g-creme-pzn-05103319-2077758", "https://volksversand.de/versandkosten", null, "https://volksversand.de/arzneimittel/linola-akut-0-5-30-g-creme-pzn-02138990-2050706", "https://volksversand.de/arzneimittel/linola-akut-0-5-30-g-creme-pzn-02138990-2050706", "https://volksversand.de/versandkosten", null, "https://volksversand.de/arzneimittel/hydrocutan-creme-0-5-20-g-creme-pzn-06576818-2450310", "https://volksversand.de/arzneimittel/hydrocutan-creme-0-5-20-g-creme-pzn-06576818-2450310", "https://volksversand.de/versandkosten", null, "https://volksversand.de/arzneimittel/muni-0-5-hc-30-g-creme-pzn-07276113-2456317", "https://volksversand.de/arzneimittel/muni-0-5-hc-30-g-creme-pzn-07276113-2456317", "https://volksversand.de/versandkosten", null, "https://volksversand.de/arzneimittel/hydrocortison-hexal-0-25-20-g-creme-pzn-02756593-2441277", "https://volksversand.de/arzneimittel/hydrocortison-hexal-0-25-20-g-creme-pzn-02756593-2441277", "https://volksversand.de/versandkosten", null, "https://volksversand.de/arzneimittel/hydrocortison-hexal-0-25-20-g-creme-pzn-02756593-2441277", "#", "#", "#", "#", "#", "#", "#", "mailto:info@volksversand.de", "/arzneimittel/angebote/", "https://volksversand.de/arzneimittel/angebote/", "https://volksversand.de/arzneimittel/neu-im-sortiment/", "/arzneimittel/", "https://volksversand.de/arzneimittel/erkaeltung-und-grippe/", "https://volksversand.de/arzneimittel/knochen-gelenke-und-muskeln/", "/arzneimittel/hausapotheke/", "https://volksversand.de/arzneimittel/hausapotheke/", "https://volksversand.de/arzneimittel/reiseapotheke/", "/arzneimittel/magen-und-darm/", "https://volksversand.de/arzneimittel/magen-und-darm/abfuehrmittel/", "https://volksversand.de/arzneimittel/magen-und-darm/durchfall/", "/arzneimittel/herz-kreislauf/", "https://volksversand.de/arzneimittel/gedaechtnis/", "https://volksversand.de/arzneimittel/gefaesse-und-venen/", "/naturheilmittel-und-homoeopathie/", "https://volksversand.de/naturheilmittel-und-homoeopathie/bachblueten/", "https://volksversand.de/naturheilmittel-und-homoeopathie/schuessler-salze/", "/beauty-und-pflege/", "https://volksversand.de/beauty-und-pflege/gesichtspflege/anti-aging/", "https://volksversand.de/beauty-und-pflege/gesichtspflege/empfindliche-haut/", "/tiergesundheit-und-tierbedarf/", "https://volksversand.de/tiergesundheit-und-tierbedarf/hunde/", "https://volksversand.de/tiergesundheit-und-tierbedarf/katzen/", "https://www.facebook.com/Volksversand-Versandapotheke-318812651653406", "https://instagram.com/volksversandversandapotheke/", "https://www.pinterest.de/volksversandversandapotheke/", "https://apps.apple.com/de/app/volksversand/id1069713065?mt=8", "https://play.google.com/store/apps/details?id=de.dupp.volkversand&hl=de", "/faq", "/gutscheine", "https://volksversand.de/versandkosten", "https://volksversand.de/liefer-und-zahlungsinformationen", "https://volksversand.de/widerrufsrecht", "javascript:openCookieConsentManager()", "https://volksversand.de/kontaktformular", "https://volksversand.de/rueckrufservice", "https://volksversand.de/kataloganforderung", "/ratgeber/", "/wechselwirkungscheck", "https://volksversand.de/bonuspunkte", "https://volksversand.de/datenschutz", "https://volksversand.de/agb", "https://volksversand.de/impressum", "/ueber-uns", "https://volksversand.de/job-angebote", "/partnerprogramm", "https://volksversand.de/datenschutz", "https://prehledy.sukl.cz/prehledy.html#/lekarny/54346000000?verify=true&referrer=https%3A%2F%2Fwww.volksversand.de%2F", "https://prehledy.sukl.cz/prehledy.html#/lekarny/54346000000?verify=true&referrer=https%3A%2F%2Fwww.volksversand.de%2F", "http://www.uskvbl.cz/en/inspections/lekarny/seznamy/detail?Id=54346000000", "https://prehledy.sukl.cz/prehledy.html#/lekarny/54346000000?verify=true&referrer=https%3A%2F%2Fwww.volksversand.de%2F", "http://www.uskvbl.cz/en/inspections/lekarny/seznamy/detail?Id=54346000000", "/bewertungen-zertifikate-und-auszeichnungen", "/bewertungen-zertifikate-und-auszeichnungen", "/bewertungen-zertifikate-und-auszeichnungen", "/bewertungen-zertifikate-und-auszeichnungen", "/bewertungen-zertifikate-und-auszeichnungen", "https://volksversand.de/datenschutz", "https://volksversand.de/agb", "https://volksversand.de/impressum", "/datenschutz", "/impressum", "#", "javascript:openCookieConsentManager()", "#", "#"]}