{"title": "Kr\u00e4uterhaus Sanct Bernhard - Home", "author": "Interface Medien GmbH", "url": "https://www.kraeuterhaus.de/", "hostname": "kraeuterhaus.de", "description": "Naturheilmittel & Kosmetik vom Kr\u00e4uterhaus Sanct Bernhard \u27a4 Gro\u00dfe Auswahl \u2714 Direkt vom Hersteller \u2714 Bew\u00e4hrte Qualit\u00e4t \u2714 Entdecken Sie unser Sortiment!", "sitename": "Kr\u00e4uterhaus Sanct Bernhard KG", "date": "2023-10-16", "id": null, "license": null, "body": null, "comments": "", "commentsbody": null, "raw_text": null, "text": "[](de-DE/produkte/aloe-vera-saft) [](de-DE/produkte/aloe-vera-saft)\n120 Kapseln f\u00fcr 4 Monate\n8,50 \u20ac\ninkl. MwSt. zzgl.\n[Versandkosten](de-DE/versandkosten)\n300 Kapseln\n17,50 \u20ac\ninkl. MwSt. zzgl.\n[Versandkosten](de-DE/versandkosten)\n90 Kapseln\n21,00 \u20ac\ninkl. MwSt. zzgl.\n[Versandkosten](de-DE/versandkosten)\n180 Kapseln f\u00fcr 6 Monate\nstatt 8,50 \u20ac nur 6,50 \u20ac\ninkl. MwSt. zzgl.\n[Versandkosten](de-DE/versandkosten)\n26 Kapseln f\u00fcr 6 Monate\nstatt 6,00 \u20ac nur 4,50 \u20ac\ninkl. MwSt. zzgl.\n[Versandkosten](de-DE/versandkosten)\n180 Kapseln\nstatt 12,50 \u20ac nur 9,50 \u20ac\ninkl. MwSt. zzgl.\n[Versandkosten](de-DE/versandkosten)\n90 g\nstatt 6,80 \u20ac nur 5,50 \u20ac(je 1 kg = 61,11 \u20ac)\ninkl. MwSt. zzgl.\n[Versandkosten](de-DE/versandkosten)\n90 Kapseln f\u00fcr 1 Monat\nstatt 8,50 \u20ac nur 6,80 \u20ac\ninkl. MwSt. zzgl.\n[Versandkosten](de-DE/versandkosten)\n150 Kapseln\nstatt 12,50 \u20ac nur 9,90 \u20ac\ninkl. MwSt. zzgl.\n[Versandkosten](de-DE/versandkosten)\n160 g f\u00fcr 1,5 l Ansatz\nstatt 8,50 \u20ac nur 7,50 \u20ac(je 1 kg = 46,88 \u20ac)\ninkl. MwSt. zzgl.\n[Versandkosten](de-DE/versandkosten)\n500 g\nstatt 16,50 \u20ac nur 14,50 \u20ac(je 1 kg = 29,00 \u20ac)\ninkl. MwSt. zzgl.\n[Versandkosten](de-DE/versandkosten)\n750 ml\nstatt 9,90 \u20ac nur 8,50 \u20ac(je 1 Liter = 11,33 \u20ac)\ninkl. MwSt. zzgl.\n[Versandkosten](de-DE/versandkosten)\n100 ml Tube\nstatt 3,80 \u20ac nur 2,95 \u20ac(je 1 Liter = 29,50 \u20ac)\ninkl. MwSt. zzgl.\n[Versandkosten](de-DE/versandkosten)\n100-ml-Zerst\u00e4uberflasche\nstatt 16,62 \u20ac nur 12,50 \u20ac(je 1 Liter = 125,00 \u20ac)\ninkl. MwSt. zzgl.\n[Versandkosten](de-DE/versandkosten)\n250 ml\nstatt 5,50 \u20ac nur 4,50 \u20ac(je 1 Liter = 18,00 \u20ac)\ninkl. MwSt. zzgl.\n[Versandkosten](de-DE/versandkosten)\n200-ml-Dose\nstatt 9,50 \u20ac nur 7,50 \u20ac(je 1 Liter = 37,50 \u20ac)\ninkl. MwSt. zzgl.\n[Versandkosten](de-DE/versandkosten)\n200 ml\nstatt 9,90 \u20ac nur 7,50 \u20ac(je 1 Liter = 37,50 \u20ac)\ninkl. MwSt. zzgl.\n[Versandkosten](de-DE/versandkosten)\n120 Kapseln\nstatt 8,50 \u20ac nur 6,95 \u20ac\ninkl. MwSt. zzgl.\n[Versandkosten](de-DE/versandkosten)\n100 ml\nstatt 7,50 \u20ac nur 5,50 \u20ac(je 1 Liter = 55,00 \u20ac)\ninkl. MwSt. zzgl.\n[Versandkosten](de-DE/versandkosten)\n50 ml\nstatt 4,95 \u20ac nur 3,95 \u20ac(je 1 Liter = 79,00 \u20ac)\ninkl. MwSt. zzgl.\n[Versandkosten](de-DE/versandkosten)\n30 Sachets \u00e0 25 g\n42,50 \u20ac(je 1 kg = 56,67 \u20ac)\ninkl. MwSt. zzgl.\n[Versandkosten](de-DE/versandkosten)\n250 ml\n9,50 \u20ac(je 1 Liter = 38,00 \u20ac)\ninkl. MwSt. zzgl.\n[Versandkosten](de-DE/versandkosten)\n250 ml\n4,50 \u20ac(je 1 Liter = 18,00 \u20ac)\ninkl. MwSt. zzgl.\n[Versandkosten](de-DE/versandkosten)\n250 ml\n11,00 \u20ac(je 1 Liter = 44,00 \u20ac)\ninkl. MwSt. zzgl.\n[Versandkosten](de-DE/versandkosten)\n30 Kapseln\n19,50 \u20ac\ninkl. MwSt. zzgl.\n[Versandkosten](de-DE/versandkosten)\n500 Tabletten\n25,00 \u20ac\ninkl. MwSt. zzgl.\n[Versandkosten](de-DE/versandkosten)\n320 Kapseln\n16,50 \u20ac\ninkl. MwSt. zzgl.\n[Versandkosten](de-DE/versandkosten)\n600 g\n34,95 \u20ac(je 1 kg = 58,25 \u20ac)\ninkl. MwSt. zzgl.\n[Versandkosten](de-DE/versandkosten)\n35 g\n1,60 \u20ac(je 1 kg = 45,71 \u20ac)\ninkl. MwSt. zzgl.\n[Versandkosten](de-DE/versandkosten)\n11x 35 g\n16,00 \u20ac(je 1 kg = 41,56 \u20ac)\ninkl. MwSt. zzgl.\n[Versandkosten](de-DE/versandkosten)\n20er-Box 35-g-Riegel = 700 g\n28,50 \u20ac(je 1 kg = 40,71 \u20ac)\ninkl. MwSt. zzgl.\n[Versandkosten](de-DE/versandkosten)\n500 Tabletten\n25,00 \u20ac\ninkl. MwSt. zzgl.\n[Versandkosten](de-DE/versandkosten)\n30 ml\n21,00 \u20ac(je 1 Liter = 700,00 \u20ac)\ninkl. MwSt. zzgl.\n[Versandkosten](de-DE/versandkosten)\n200 g\n5,90 \u20ac(je 1 kg = 29,50 \u20ac)\ninkl. MwSt. zzgl.\n[Versandkosten](de-DE/versandkosten)\n250 g\n7,50 \u20ac(je 1 kg = 30,00 \u20ac)\ninkl. MwSt. zzgl.\n[Versandkosten](de-DE/versandkosten)\n250 g\n8,90 \u20ac(je 1 kg = 35,60 \u20ac)\ninkl. MwSt. zzgl.\n[Versandkosten](de-DE/versandkosten)\n15 ml\n6,50 \u20ac(je 1 Liter = 433,33 \u20ac)\ninkl. MwSt. zzgl.\n[Versandkosten](de-DE/versandkosten)\n500 ml\n19,50 \u20ac(je 1 Liter = 39,00 \u20ac)\ninkl. MwSt. zzgl.\n[Versandkosten](de-DE/versandkosten)\n1,2 kg\n15,00 \u20ac(je 1 kg = 12,50 \u20ac)\ninkl. MwSt. zzgl.\n[Versandkosten](de-DE/versandkosten)\n100 ml\n5,50 \u20ac(je 1 Liter = 55,00 \u20ac)\ninkl. MwSt. zzgl.\n[Versandkosten](de-DE/versandkosten)\nAlle Preise inkl. gesetzl. MwSt. zzgl.\n[Versandkosten](de-DE/versandkosten). Urspr\u00fcngliche Preisangaben beziehen sich auf den jeweils g\u00fcltigen Katalog.\nDiese Webseite verwendet Cookies\nWir verwenden Cookies, um Ihnen die richtigen Inhalte f\u00fcr Ihre Sprache und Ger\u00e4te anzuzeigen (Notwendig), f\u00fcr Sie ausgew\u00e4hlte Inhalte zu pr\u00e4sentieren (Pr\u00e4ferenzen), die Zugriffe auf unsere Website zu analysieren (Statistiken), Ihnen auch auf anderen Websites unsere besten Sonderangebote unterbreiten zu d\u00fcrfen (Marketing) und Ihnen einen vollumf\u00e4nglichen Service auf unserer Website zu bieten (Service).\nMit Klick auf \u201eAlle akzeptieren\u201c willigen Sie in die Verwendung von Cookies ein. Sie k\u00f6nnen Cookies einzeln ausw\u00e4hlen und durch Klicken auf \"Konfiguration speichern\" akzeptieren. Sie k\u00f6nnen Ihre Cookie-Einstellungen jederzeit in der Fu\u00dfzeile unter \"Cookie-Einstellungen\" \u00e4ndern oder widerrufen. Detaillierte Informationen finden Sie in unserer\n[Datenschutzerkl\u00e4rung](de-DE/datenschutz).\nDiese Cookies sind f\u00fcr die Funktionalit\u00e4t unserer Website erforderlich und k\u00f6nnen nicht deaktiviert werden (z.B. Session-Cookies).\nDiese Cookies erm\u00f6glichen es unter anderem, Ihnen Ihre zuvor angesehenen Produkte anzuzeigen und \u00e4hnliche Produkte zu empfehlen. Weitere Informationen erhalten Sie in unserer Datenschutzerkl\u00e4rung und der des jeweiligen Anbieters.\nDiese Cookies helfen uns zu verstehen, wie Besucher mit unserer Webseite interagieren. Die Informationen werden anonym gesammelt und analysiert. Je nach Tool werden ein oder mehrere Cookies des gleichen Anbieters gesetzt. Weitere Informationen erhalten Sie in unserer Datenschutzerkl\u00e4rung und der des jeweiligen Anbieters.\nDiese Cookies ben\u00f6tigen wir, um Ihnen z. B. auf anderen Websites unsere Werbung anzuzeigen. Deaktivieren Sie sie, wird Ihnen stattdessen andere Werbung angezeigt. Weitere Informationen erhalten Sie in unserer Datenschutzerkl\u00e4rung und der des jeweiligen Anbieters.\nDiese Cookies werden genutzt, um Ihnen einen zus\u00e4tzlichen Service auf unserer Website anbieten zu k\u00f6nnen. Weitere Informationen erhalten Sie in unserer Datenschutzerkl\u00e4rung und der des jeweiligen Anbieters.\nLiebe Kunden, wir nutzen Cookies. Einige sind notwendig (z.B. f\u00fcr den Warenkorb), andere dienen der Verbesserung des Onlineangebots, um z.B. relevante Anzeigen oder personalisierte Inhalte zu schalten. Sie k\u00f6nnen die nicht notwendigen Cookies \u201eAlle akzeptieren\u201c, mit \"\n[Konfigurieren]\" gew\u00fcnschte Cookies einzeln aktivieren oder \u201eAlle ablehnen\u201c. Sie k\u00f6nnen Ihre Cookie-Einstellungen jederzeit in der Fu\u00dfzeile unter \u201eCookie-Einstellungen\u201c \u00e4ndern oder widerrufen. Detaillierte Informationen finden Sie in unserer [Datenschutzerkl\u00e4rung](index.php?module=viewer&index[viewer][page]=privacy&index[viewer][skipMainTemplate]=TRUE).", "language": null, "image": null, "pagetype": "website", "links": ["#content", "javascript://", "https://www.kraeuterhaus.de/de-DE", "https://www.sanct-bernhard.com/en-GB", "https://www.sanct-bernhard.fr/fr-FR", "https://www.sanct-bernhard.it/it-IT", "https://www.sanct-bernhard.gr/el-GR", "https://www.sanct-bernhard.com.cn/zh-CN", "javascript://", "https://www.kraeuterhaus.de/de-DE", "https://www.kraeuterhaus.de/ueber-uns/", "de-DE/versandkosten", "de-DE/direktbestellung", "javascript://", "de-DE/newsletter", "de-DE/hilfe", "de-DE/hilfe-zu-push-benachrichtigungen", "de-DE/faq/fragen-zum-online-shop", "de-DE/allgemeine-geschaeftsbedingungen", "de-DE/datenschutz", "de-DE/impressum", "de-DE/kontakt", "de-DE/anfahrt/ladengeschaeft-bad-ditzenbach", "de-DE/mein-konto", "https://www.kraeuterhaus.de/de-DE", "javascript://", "de-DE/produktkategorien/kapseln-und-tabletten", "de-DE/produktkategorien/kapseln-und-tabletten/abwehrkraefte-und-immunsystem", "de-DE/produktkategorien/kapseln-und-tabletten/blase-und-harnwege", "de-DE/produktkategorien/kapseln-und-tabletten/cholesterin", "de-DE/produktkategorien/kapseln-und-tabletten/diabetiker", "de-DE/produktkategorien/kapseln-und-tabletten/gedaechtnis-und-konzentration", "de-DE/produktkategorien/kapseln-und-tabletten/haut-und-haare-und-naegel", "de-DE/produktkategorien/kapseln-und-tabletten/herz-und-kreislauf", "de-DE/produktkategorien/kapseln-und-tabletten/knochen-und-gelenke", "de-DE/produktkategorien/kapseln-und-tabletten/muskeln", "de-DE/produktkategorien/kapseln-und-tabletten/nerven", "de-DE/produktkategorien/kapseln-und-tabletten/sehen-und-hoeren", "de-DE/produktkategorien/kapseln-und-tabletten/stoffwechsel", "de-DE/produktkategorien/kapseln-und-tabletten/verdauung", "de-DE/produktkategorien/kapseln-und-tabletten/sonstiges", "de-DE/produktkategorien/besondere-ernaehrung", "de-DE/produktkategorien/besondere-ernahrung/fertiggerichte", "de-DE/produktkategorien/gesunde-ernaehrung/fruechtetee-und-kraeutertee", "de-DE/produktkategorien/gesunde-ernaehrung/gruen-und-schwarztee", "de-DE/produktkategorien/gesunde-ernaehrung/kokosoel-und-kokos", "de-DE/produktkategorien/gesunde-ernaehrung/muesli", "de-DE/produktkategorien/gesunde-ernaehrung/pflanzliche-suessen", "de-DE/produktkategorien/gesunde-ernaehrung/protein", "de-DE/produktkategorien/gesunde-ernaehrung/riegel-und-knabbereien", "de-DE/produktkategorien/gesunde-ernaehrung/speiseoele", "de-DE/produktkategorien/gesunde-ernaehrung/stevia", "de-DE/produktkategorien/gesunde-ernaehrung/superfood", "de-DE/produktkategorien/gesunde-ernaehrung/suppen-und-sossen-und-gewuerze", "de-DE/produktkategorien/gesunde-ernaehrung/tee-topseller", "de-DE/produktkategorien/gesunde-ernaehrung/traditions-bonbons", "de-DE/produktkategorien/gesunde-ernaehrung/vitalsaefte", "de-DE/produktkategorien/gesunde-ernaehrung/sonstiges", "de-DE/produktkategorien/kosmetik", "de-DE/produktkategorien/kosmetik/duschen-und-baden", "de-DE/produktkategorien/kosmetik/fusspflege", "de-DE/produktkategorien/kosmetik/haarpflege", "de-DE/produktkategorien/kosmetik/handpflege", "de-DE/produktkategorien/kosmetik/hautpflege", "de-DE/produktkategorien/kosmetik/koerperpflege", "de-DE/produktkategorien/kosmetik/kur-und-oelbaeder", "de-DE/produktkategorien/kosmetik/lippenpflege", "de-DE/produktkategorien/kosmetik/masken-und-peeling", "de-DE/produktkategorien/kosmetik/oele", "de-DE/produktkategorien/kosmetik/pflegeserien", "de-DE/produktkategorien/kosmetik/salbe-und-balsam-und-gel", "de-DE/produktkategorien/kosmetik/seifen-und-reinigung", "de-DE/produktkategorien/kosmetik/sonnenschutz", "de-DE/produktkategorien/kosmetik/zahnpflege", "de-DE/produktkategorien/sanct-bernhard-sport", "de-DE/produktkategorien/sanct-bernhard-sport/sporternaehrung", "de-DE/produktkategorien/sanct-bernhard-sport/sport-koerperpflege", "de-DE/produktkategorien/sanct-bernhard-sport/sport-sets", "de-DE/produktkategorien/sanct-bernhard-sport/sport-zubehoer", "de-DE/produktkategorien/fuer-tiere-tierlieb-sanct-bernhard", "de-DE/produktkategorien/fuer-tiere-tierlieb-sanct-bernhard/tierbedarf-tierlieb-fuer-hunde", "de-DE/produktkategorien/fuer-tiere-tierlieb-sanct-bernhard/tierbedarf-tierlieb-fuer-katzen", "de-DE/produktkategorien/fuer-tiere-tierlieb-sanct-bernhard/tierbedarf-tierlieb-fuer-pferde", "de-DE/produktkategorien/weitere-spezialitaeten", "de-DE/produktkategorien/weitere-spezialitaeten/aetherische-oele", "de-DE/produktkategorien/weitere-spezialitaeten/erholsam-schlafen", "de-DE/produktkategorien/weitere-spezialitaeten/tonikum", "de-DE/produktkategorien/weitere-spezialitaeten/besondere-pflege", "de-DE/produktkategorien/weitere-spezialitaeten/lektuere", "index.php?module=shop_articles_categories&index[shop_articles_categories][action]=overview_topics&index[shop_articles_categories][ref_id]=51", "de-DE/themenbereiche/geschenktipps", "de-DE/themenbereiche/abnehmen", "de-DE/themenbereiche/aloe-vera", "de-DE/themenbereiche/arganoel", "de-DE/themenbereiche/beine-und-venen", "de-DE/themenbereiche/bienen-erzeugnisse", "de-DE/themenbereiche/coenzym-q10", "de-DE/themenbereiche/eisen", "de-DE/themenbereiche/fuer-den-mann", "de-DE/themenbereiche/fuer-die-frau", "de-DE/themenbereiche/fuer-kinder", "de-DE/themenbereiche/gelenke", "de-DE/themenbereiche/gesund-durch-den-winter", "de-DE/themenbereiche/ginkgo", "de-DE/themenbereiche/ginseng", "de-DE/themenbereiche/lavendel", "de-DE/themenbereiche/magnesium", "de-DE/themenbereiche/minesan", "de-DE/themenbereiche/noni", "de-DE/themenbereiche/schwarzkuemmel", "de-DE/themenbereiche/zirben-produkte", "javascript:void(0);", "de-DE/produkte-von-a-bis-z", "de-DE/sonderangebote", "de-DE/topseller", "de-DE/neue-produkte", "de-DE/restposten", "javascript://", "https://www.kraeuterhaus.de/ueber-uns/", "https://www.kraeuterhaus.de/ueber-uns/de-DE/ladengeschaefte", "https://www.kraeuterhaus.de/blog/?utm_source=shop&utm_medium=link&utm_campaign=shopnavi&utm_content=navigation&ref=wkz11", "https://www.kraeuterhaus.de/ueber-uns/de-DE/videos", "https://www.kraeuterhaus.de/ueber-uns/de-DE/aktuelles", "https://www.kraeuterhaus.de/ueber-uns/de-DE/lohnherstellung", "https://www.kraeuterhaus.de/ueber-uns/de-DE/stellenangebote", "de-DE/produkte/aloe-vera-saft", "de-DE/produkte/aloe-vera-saft", "de-DE/mein-konto/kundenkonto-einrichten", "de-DE/sonderangebote", "de-DE/produkte/magnesium-400-supra-kapseln-120-stueck", "de-DE/versandkosten", "de-DE/produkte/magnesium-400-supra-kapseln-300-kapseln", "de-DE/versandkosten", "de-DE/produkte/opc-komplex-kapseln", "de-DE/versandkosten", "de-DE/produkte/vitamin-c-zink-langzeit-kapseln", "de-DE/versandkosten", "de-DE/produkte/vitamin-d-5600-ie-wochendepot-kapseln", "de-DE/versandkosten", "de-DE/produkte/herzfit-kapseln", "de-DE/versandkosten", "de-DE/produkte/hornhaut-salbe", "de-DE/versandkosten", "de-DE/produkte/enzym-kapseln", "de-DE/versandkosten", "de-DE/produkte/lactase-kapseln-6000-fcc", "de-DE/versandkosten", "de-DE/produkte/schwedenkraeuter", "de-DE/versandkosten", "de-DE/produkte/gelenko-kraeutertee", "de-DE/versandkosten", "de-DE/produkte/badesan-kraeuter-kurbad", "de-DE/versandkosten", "de-DE/produkte/propolis-zahncreme", "de-DE/versandkosten", "de-DE/produkte/daphne-woman", "de-DE/versandkosten", "de-DE/produkte/sanddorn-duschgel", "de-DE/versandkosten", "de-DE/produkte/arganoel-koerperbutter", "de-DE/versandkosten", "de-DE/produkte/handruecken-pflegelotion", "de-DE/versandkosten", "de-DE/produkte/selen-plus-ace-zellschutz-kapseln", "de-DE/versandkosten", "de-DE/produkte/antifalten-gesichtscreme-mit-collagen", "de-DE/versandkosten", "de-DE/produkte/peeling-creme", "de-DE/versandkosten", "de-DE/produktkategorien/fuer-tiere-tierlieb-sanct-bernhard", "de-DE/produktkategorien/sanct-bernhard-sport", "de-DE/produkte/ginkgo-kapseln-75-mg-240-kapseln", "de-DE/versandkosten", "de-DE/produkte/magnesium-400-supra-kapseln-300-kapseln", "de-DE/versandkosten", "de-DE/produkte/mariendistel-kapseln-90-kapseln", "de-DE/versandkosten", "de-DE/neue-produkte", "de-DE/produkte/collagen-vital-komplex-plus", "de-DE/versandkosten", "de-DE/produkte/hyaluronsaure-shampoo", "de-DE/versandkosten", "de-DE/produkte/ringelblumen-duschgel", "de-DE/versandkosten", "de-DE/produkte/tierlieb-ohrenreiniger-fur-hunde-und-katzen-und-kleintiere", "de-DE/versandkosten", "de-DE/produkte/florenzym-kapseln", "de-DE/versandkosten", "de-DE/produkte/tierlieb-msm-gelenk-tabletten", "de-DE/versandkosten", "de-DE/produkte/kalium-kapseln", "de-DE/versandkosten", "de-DE/produkte/sanct-bernhard-sport-kreatin-monohydrat", "de-DE/versandkosten", "de-DE/produkte/sanct-bernhard-sport-protein-crispy-riegel-32", "de-DE/versandkosten", "de-DE/produkte/sanct-bernhard-sport-protein-crispy-riegel-32-11er-pack", "de-DE/versandkosten", "de-DE/produkte/sanct-bernhard-sport-protein-crispy-riegel-32-20er-pack", "de-DE/versandkosten", "de-DE/produkte/msm-1000-plus-tabletten", "de-DE/versandkosten", "de-DE/produkte/melatonin-spray-liposomal", "de-DE/versandkosten", "de-DE/produkte/bio-knabberhanf-suss", "de-DE/versandkosten", "de-DE/produkte/bio-hanfprotein-flakes", "de-DE/versandkosten", "de-DE/produkte/bio-gewurzmischung-bella-italia", "de-DE/versandkosten", "de-DE/produkte/birken-lippenpflegecreme", "de-DE/versandkosten", "de-DE/produkte/tierlieb-mucken-und-bremsen-stopp-fur-pferde", "de-DE/versandkosten", "de-DE/produkte/tierlieb-krauter-basis-mineralfutter", "de-DE/versandkosten", "de-DE/produkte/anti-morgenmuffel-handcreme-zitrone", "de-DE/versandkosten", "index.php?module=shop_articles_categories&index[shop_articles_categories][action]=overview_topics&index[shop_articles_categories][ref_id]=51", "de-DE/produktkategorien/sanct-bernhard-sport", "de-DE/produkte/sanct-bernhard-sport-sport-balsam", "de-DE/versandkosten", "de-DE/produkte/sanct-bernhard-sport-liquid-energie-pur-kirsche-18-tuben", "de-DE/versandkosten", "de-DE/produkte/sanct-bernhard-sport-isoton-energiedrink-sauerkirsche-11-sachets", "de-DE/versandkosten", "https://www.kraeuterhaus.de/ueber-uns/de-DE/erlebnis-kraeutergarten", "de-DE/hilfe-zu-push-benachrichtigungen", "https://www.kraeuterhaus.de/ueber-uns/de-DE/videos", "de-DE/versandkosten", "de-DE/mein-konto/kundenkonto-einrichten", "de-DE/kontakt/katalog-gratis-anfordern", "de-DE/newsletter", "de-DE/newsletter", "de-DE/mein-konto/freundschaftswerbung", "https://www.trustedshops.de/bewertung/info_X8267D66733D149EECA95A721F468B3B8.html", "https://help.etrusted.com/hc/de/articles/4419944605341", "javascript://", "de-DE/versandkosten", "https://www.kraeuterhaus.de/ueber-uns/de-DE/qualitaet", "de-DE/kontakt", "de-DE/mein-konto/kundenkonto-einrichten", "de-DE/mein-konto/freundschaftswerbung", "javascript:window.print();", "https://www.facebook.com/Kraeuterhaus/", "https://www.youtube.com/channel/UCtELoLvQTdj9iohrAryTGbA/featured", "https://www.instagram.com/sanct.bernhard.official", "https://www.pinterest.de/sanctbernhardoffical/", "https://www.kraeuterhaus.de/blog/", "de-DE/produktkategorien/sanct-bernhard-sport", "de-DE/produktkategorien/fuer-tiere-tierlieb-sanct-bernhard", "de-DE/newsletter", "de-DE/versandkosten", "de-DE/hilfe", "de-DE/hilfe-zu-push-benachrichtigungen", "de-DE/faq/fragen-zum-online-shop", "de-DE/kontakt", "de-DE/allgemeine-geschaeftsbedingungen", "de-DE/datenschutz", "de-DE/impressum", "https://help.etrusted.com/hc/de/articles/4419944605341", "https://www.kraeuterhaus.de/ueber-uns/", "https://www.sanct-bernhard-sport.de/", "https://www.wellnesshotel-sanct-bernhard.de/", "https://www.spezerei-sanct-bernhard.de/", "https://www.kraeuterhaus.de/ueber-uns/de-DE/erlebnis-kraeutergarten", "https://www.kraeuterhaus.de/ueber-uns/de-DE/besuchergruppen", "https://www.kraeuterhaus.de/blog/?utm_source=shop&utm_medium=link&utm_campaign=footernavi&utm_content=navigation&ref=wkz11", "https://www.kraeuterhaus.de/ueber-uns/de-DE/ladengeschaefte", "javascript://", "https://www.billiger.de/show/kategorie/100133.htm", "https://www.adcell.de/partnerprogramme/1906", "https://belboon.com/p/76653", "https://ui.awin.com/merchant-profile/9396", "mailto:info@kraeuterhaus.de", "https://www.interface-medien.de", "de-DE/datenschutz", "de-DE/impressum", "de-DE/datenschutz", "https://www.doofinder.com/de/privacy-policy/", "index.php?module=viewer&index[viewer][page]=privacy", "index.php?module=viewer&index[viewer][page]=help_push", "https://www.econda.de/service/datenschutz", "https://policies.google.com/technologies/partner-sites", "https://policies.google.com/technologies/partner-sites", "https://www.adcell.de/datenschutz", "https://belboon.com/datenschutz/", "https://privacy.microsoft.com/de-de/privacystatement", "https://www.criteo.com/de/privacy", "https://de-de.facebook.com/business/gdpr", "https://www.kupona.de/datenschutz", "https://company.billiger.de/service/datenschutzunterrichtung", "https://policy.pinterest.com/de/privacy-policy", "https://www.awin.com/de/rechtliches", "https://www.trustedshops.de/impressum/#datenschutz", null, "index.php?module=viewer&index[viewer][page]=privacy&index[viewer][skipMainTemplate]=TRUE", "index.php?module=imprint&index[imprint][skipMainTemplate]=TRUE", "index.php?module=viewer&index[viewer][page]=privacy&index[viewer][skipMainTemplate]=TRUE"]}