{"title": "Nat\u00fcrliche Massage\u00f6le f\u00fcr Ihr Wohlbefinden", "author": null, "url": "https://www.aponeo.de/natur-homoeopathie/aromatherapie/massageoele/", "hostname": "aponeo.de", "description": "Bestellen Sie schnell und einfach Ihre nat\u00fcrlichen Massage\u00f6le zur Aromatherapie f\u00fcr Ihr Wohlbefinden online bei APONEO | Mehr als Apotheke.", "sitename": "Aponeo \u2013 Mehr als Apotheke", "date": "2023-10-25", "id": null, "license": null, "body": null, "comments": "", "commentsbody": null, "raw_text": null, "text": "Massage\u00f6le zur Aromatherapie\nDarreichungsform\nPackungsgr\u00f6\u00dfe\nAnbieter / Hersteller\nMarke\nPreis\nFilter zur\u00fccksetzen\n[Weleda Arnika Massage\u00f6l](https://www.aponeo.de/00357995-weleda-arnika-massageoel.html)\nPZN: 00357995\n\u00d6l, 200 ml, WELEDA AG\n\u00d6l, 200 ml, WELEDA AG\nPflichtangaben\nUVP119,95 \u20ac\n16,89 \u20ac\n(84,45 \u20ac/1 l)\nArtikel auf Lager\n[Mandel-\u00d6l](https://www.aponeo.de/04287286-mandeloel.html)\nPZN: 04287286\n\u00d6l, 250 ml, Bergland-Pharma GmbH & Co. KG\n\u00d6l, 250 ml, Bergland-Pharma GmbH & Co. KG\nPflichtangaben\nUVP117,75 \u20ac\n12,19 \u20ac\n(48,76 \u20ac/1 l)\nArtikel auf Lager\n[Bio Teebaum-\u00d6l](https://www.aponeo.de/07555853-teebaum-oel-kba-aus-kontrolliert-biologischem-anbau.html)\nPZN: 07555853\n\u00d6l, 30 ml, Bergland-Pharma GmbH & Co. KG\n\u00d6l, 30 ml, Bergland-Pharma GmbH & Co. KG\nPflichtangaben\nUVP117,75 \u20ac\n12,19 \u20ac\n(406,33 \u20ac/1 l)\nArtikel auf Lager\n[Weleda Sanddorn vitalisierendes Pflege-\u00d6l](https://www.aponeo.de/12564127-weleda-sanddorn-vitalisierendes-pflege-oel.html)\nPZN: 12564127\n\u00d6l, 100 ml, WELEDA AG\n\u00d6l, 100 ml, WELEDA AG\nPflichtangaben\nUVP115,95 \u20ac\n13,95 \u20ac\n(139,50 \u20ac/1 l)\nArtikel auf Lager\n[Dolo Cyl \u00d6l](https://www.aponeo.de/03322997-dolo-cyl-oel.html)\nPZN: 03322997\n\u00d6l, 100 ml, Pharma Liebermann GmbH\n\u00d6l, 100 ml, Pharma Liebermann GmbH\nPflichtangaben\nUVP117,65 \u20ac\n15,55 \u20ac\n(155,50 \u20ac/1 l)\nArtikel verf\u00fcgbar\n[Frauenwohl Zyklus Balance \u00d6l Bio](https://www.aponeo.de/16485755-frauenwohl-zyklus-balance-oel-bio.html)\nPZN: 16485755\nEinreibung, 50 ml, Primavera Life GmbH\nEinreibung, 50 ml, Primavera Life GmbH\nPflichtangaben\nUVP116,90 \u20ac\n14,69 \u20ac\n(293,80 \u20ac/1 l)\nArtikel auf Lager\n[Mandel-\u00d6l](https://www.aponeo.de/07404605-mandeloel.html)\nPZN: 07404605\n\u00d6l, 125 ml, Bergland-Pharma GmbH & Co. KG\n\u00d6l, 125 ml, Bergland-Pharma GmbH & Co. KG\nPflichtangaben\nUVP111,95 \u20ac\n8,49 \u20ac\n(67,92 \u20ac/1 l)\nArtikel auf Lager\n[Weleda Wildrosen harmonisierendes Pflege-\u00d6l](https://www.aponeo.de/06936990-weleda-wildrose-pflegeoel.html)\nPZN: 06936990\n\u00d6l, 10 ml, WELEDA AG\n\u00d6l, 10 ml, WELEDA AG\nPflichtangaben\nMRP24,52 \u20ac\n1,95 \u20ac\n(195,00 \u20ac/1 l)\nArtikel auf Lager\n[Weleda Arnika Massage\u00f6l](https://www.aponeo.de/03431597-weleda-arnika-massageoel.html)\nPZN: 03431597\n\u00d6l, 10 ml, WELEDA AG\n\u00d6l, 10 ml, WELEDA AG\nPflichtangaben\nMRP24,52 \u20ac\n1,95 \u20ac\n(195,00 \u20ac/1 l)\nArtikel auf Lager\n[Dolo Cyl \u00d6l](https://www.aponeo.de/03322980-dolo-cyl-oel.html)\nPZN: 03322980\n\u00d6l, 50 ml, Pharma Liebermann GmbH\n\u00d6l, 50 ml, Pharma Liebermann GmbH\nPflichtangaben\nUVP111,55 \u20ac\n10,09 \u20ac\n(201,80 \u20ac/1 l)\nArtikel verf\u00fcgbar\n[Weleda Sanddorn vitalisierendes Pflege-\u00d6l](https://www.aponeo.de/01316030-weleda-sanddorn-pflegeoel.html)\nPZN: 01316030\n\u00d6l, 10 ml, WELEDA AG\n\u00d6l, 10 ml, WELEDA AG\nPflichtangaben\nMRP24,52 \u20ac\n1,95 \u20ac\n(195,00 \u20ac/1 l)\nArtikel auf Lager\n[Weleda Arnika Massage\u00f6l](https://www.aponeo.de/00358026-weleda-arnika-massageoel.html)\nPZN: 00358026\n\u00d6l, 50 ml, WELEDA AG\n\u00d6l, 50 ml, WELEDA AG\nPflichtangaben\nUVP18,95 \u20ac\n7,99 \u20ac\n(159,80 \u20ac/1 l)\nArtikel auf Lager\n[Oleotherm Muskel\u00f6l](https://www.aponeo.de/00011541-oleotherm-muskeloel.html)\nPZN: 00011541\n\u00d6l, 100 ml, Pharma Liebermann GmbH\n\u00d6l, 100 ml, Pharma Liebermann GmbH\nPflichtangaben\nUVP116,85 \u20ac\n15,45 \u20ac\n(154,50 \u20ac/1 l)\nArtikel verf\u00fcgbar\n[Spitzner Massage\u00f6l](https://www.aponeo.de/02406031-spitzner-massageoel.html)\nPZN: 02406031\n\u00d6l, 1000 ml, W. Spitzner Arzneimittelfabrik GmbH\n\u00d6l, 1000 ml, W. Spitzner Arzneimittelfabrik GmbH\nPflichtangaben\n13,89 \u20ac\n(13,89 \u20ac/1 l)\nArtikel verf\u00fcgbar\n[Hagebuttenkern\u00f6l Bio](https://www.aponeo.de/02218045-hagebuttenkernoel-bio.html)\nPZN: 02218045\n\u00d6l, 50 ml, TAOASIS GmbH Natur Duft Manufaktur\n\u00d6l, 50 ml, TAOASIS GmbH Natur Duft Manufaktur\nPflichtangaben\nUVP112,90 \u20ac\n9,25 \u20ac\n(185,00 \u20ac/1 l)\nArtikel verf\u00fcgbar\n[Massage\u00f6l Schupp neutral](https://www.aponeo.de/01419244-massage-oel-schupp-neutral.html)\nPZN: 01419244\n\u00d6l, 1000 ml, SCHUPP GmbH & Co.KG\n\u00d6l, 1000 ml, SCHUPP GmbH & Co.KG\nPflichtangaben\nUVP122,85 \u20ac\n18,59 \u20ac\n(18,59 \u20ac/1 l)\nArtikel verf\u00fcgbar\n[Mandel\u00f6l Bio](https://www.aponeo.de/01886307-mandeloel-kba.html)\nPZN: 01886307\n\u00d6l, 50 ml, TAOASIS GmbH Natur Duft Manufaktur\n\u00d6l, 50 ml, TAOASIS GmbH Natur Duft Manufaktur\nPflichtangaben\nUVP17,90 \u20ac\n5,65 \u20ac\n(113,00 \u20ac/1 l)\nArtikel verf\u00fcgbar\n[Massage-Lotion Neutral](https://www.aponeo.de/00393910-massage-lotion-neutral.html)\nPZN: 00393910\nLotion, 1000 ml, SCHUPP GmbH & Co.KG\nLotion, 1000 ml, SCHUPP GmbH & Co.KG\nPflichtangaben\nUVP126,47 \u20ac\n18,59 \u20ac\n(18,59 \u20ac/1 l)\nArtikel verf\u00fcgbar\n[Lavendel Massage\u00f6l Bio](https://www.aponeo.de/00453256-lavendel-massage-oel.html)\nPZN: 00453256\n\u00d6l, 50 ml, TAOASIS GmbH Natur Duft Manufaktur\n\u00d6l, 50 ml, TAOASIS GmbH Natur Duft Manufaktur\nPflichtangaben\nUVP19,90 \u20ac\n6,65 \u20ac\n(133,00 \u20ac/1 l)\nArtikel verf\u00fcgbar\n[Wildrosen\u00f6l Bio](https://www.aponeo.de/08773486-wildrosenoel.html)\nPZN: 08773486\n\u00d6l, 50 ml, TAOASIS GmbH Natur Duft Manufaktur\n\u00d6l, 50 ml, TAOASIS GmbH Natur Duft Manufaktur\nPflichtangaben\nUVP114,90 \u20ac\n10,49 \u20ac\n(209,80 \u20ac/1 l)\nArtikel verf\u00fcgbar\n[Massage\u00f6l neutral](https://www.aponeo.de/04979765-massage-oel-neutral.html)\nPZN: 04979765\n\u00d6l, 200 ml, SCHUPP GmbH & Co.KG\n\u00d6l, 200 ml, SCHUPP GmbH & Co.KG\nPflichtangaben\nUVP17,62 \u20ac\n5,69 \u20ac\n(28,45 \u20ac/1 l)\nArtikel verf\u00fcgbar\n[Aprikosenkern\u00f6l Bio](https://www.aponeo.de/02755731-aprikosenkernoel-bio.html)\nPZN: 02755731\n\u00d6l, 50 ml, TAOASIS GmbH Natur Duft Manufaktur\n\u00d6l, 50 ml, TAOASIS GmbH Natur Duft Manufaktur\nPflichtangaben\nUVP18,90 \u20ac\n6,45 \u20ac\n(129,00 \u20ac/1 l)\nArtikel verf\u00fcgbar\n[Massage\u00f6l Orange](https://www.aponeo.de/04979771-massage-oel-orange.html)\nPZN: 04979771\n\u00d6l, 200 ml, SCHUPP GmbH & Co.KG\n\u00d6l, 200 ml, SCHUPP GmbH & Co.KG\nPflichtangaben\nUVP18,19 \u20ac\n6,15 \u20ac\n(30,75 \u20ac/1 l)\nArtikel verf\u00fcgbar\n[Aprikosenkern-\u00d6l](https://www.aponeo.de/07494809-aprikosenkernoel.html)\nPZN: 07494809\n\u00d6l, 125 ml, Bergland-Pharma GmbH & Co. KG\n\u00d6l, 125 ml, Bergland-Pharma GmbH & Co. KG\nPflichtangaben\nUVP115,00 \u20ac\n10,49 \u20ac\n(83,92 \u20ac/1 l)\nArtikel verf\u00fcgbar\n[Nachtkerzen\u00f6l Bio](https://www.aponeo.de/00018253-nachtkerzenoel-bio.html)\nPZN: 00018253\n\u00d6l, 50 ml, TAOASIS GmbH Natur Duft Manufaktur\n\u00d6l, 50 ml, TAOASIS GmbH Natur Duft Manufaktur\nPflichtangaben\nUVP112,90 \u20ac\n9,25 \u20ac\n(185,00 \u20ac/1 l)\nArtikel verf\u00fcgbar\n[Massage\u00f6l Zitrone](https://www.aponeo.de/04979788-massage-oel-zitrone.html)\nPZN: 04979788\n\u00d6l, 200 ml, SCHUPP GmbH & Co.KG\n\u00d6l, 200 ml, SCHUPP GmbH & Co.KG\nPflichtangaben\nUVP18,19 \u20ac\n7,25 \u20ac\n(36,25 \u20ac/1 l)\nArtikel verf\u00fcgbar\n[Spitzner Massage Einreibung Arnika](https://www.aponeo.de/05511662-spitzner-massage-einreibung-arnika.html)\nPZN: 05511662\nEinreibung, 1000 ml, W. Spitzner Arzneimittelfabrik GmbH\nEinreibung, 1000 ml, W. Spitzner Arzneimittelfabrik GmbH\nPflichtangaben\nUVP119,90 \u20ac\n17,65 \u20ac\n(17,65 \u20ac/1 l)\nArtikel verf\u00fcgbar\n[Massage-Lotion Neutral](https://www.aponeo.de/00038907-massage-lotion-neutral.html)\nPZN: 00038907\nLotion, 200 ml, SCHUPP GmbH & Co.KG\nLotion, 200 ml, SCHUPP GmbH & Co.KG\nPflichtangaben\nUVP18,00 \u20ac\n5,95 \u20ac\n(29,75 \u20ac/1 l)\nArtikel verf\u00fcgbar\n[Johanniskraut\u00f6l Bio](https://www.aponeo.de/02124479-johanniskraut-bio-body-oil.html)\nPZN: 02124479\n\u00d6l, 50 ml, TAOASIS GmbH Natur Duft Manufaktur\n\u00d6l, 50 ml, TAOASIS GmbH Natur Duft Manufaktur\nPflichtangaben\nUVP19,90 \u20ac\n7,19 \u20ac\n(143,80 \u20ac/1 l)\nArtikel verf\u00fcgbar\n[Weizenkeim-\u00d6l mit Vitamin E](https://www.aponeo.de/04287292-weizenkeimoel.html)\nPZN: 04287292\n\u00d6l, 100 ml, Bergland-Pharma GmbH & Co. KG\n\u00d6l, 100 ml, Bergland-Pharma GmbH & Co. KG\nPflichtangaben\nUVP115,00 \u20ac\n10,49 \u20ac\n(104,90 \u20ac/1 l)\nArtikel verf\u00fcgbar", "language": null, "image": "https://cdn-img.aponeo.de/layout/aponeo_logo_1500x1500.jpg", "pagetype": "website", "links": ["#", "#", "/topseller.html", "/neuheiten.html", "#", "#", "/arzneimittel/", "/arzneimittel/antiallergikum/", "/arzneimittel/haut/", "/arzneimittel/herz-kreislauf-venen/", "/arzneimittel/augentropfen/", "/arzneimittel/erkaeltung/", "/arzneimittel/haare-naegel/", "/arzneimittel/hyaluronspritzen/", "/arzneimittel/insektenschutz/", "/arzneimittel/kinder-saeuglinge/", "/arzneimittel/leber-galle/", "/arzneimittel/lokalanaesthetika/", "/arzneimittel/magen-darm/", "/arzneimittel/medizinische-ratgeber/", "/arzneimittel/mundhygiene/", "/arzneimittel/nasenspray/", "/arzneimittel/schlaf-nerven/", "/arzneimittel/niere-blase-prostata/", "/arzneimittel/ohrentropfen/", "/arzneimittel/pms-behandeln/", "/arzneimittel/raucherentwoehnung/", "/arzneimittel/reiseapotheke/", "/arzneimittel/reisetabletten/", "/arzneimittel/rheuma-muskeln/", "/arzneimittel/schlaftabletten/", "/arzneimittel/schmerztabletten/", "/arzneimittel/wechseljahre/", "#", "#", "/bio-genuss/", "/bio-genuss/ayurveda-produkte/", "/bio-genuss/bio-produkte/", "/bio-genuss/genuessliches/", "/bio-genuss/honig/", "/bio-genuss/saefte/", "/bio-genuss/suesses/", "/bio-genuss/tee/", "/bio-genuss/zuckerersatz/", "#", "#", "/diabetes/", "/diabetes/blutzuckermessgeraet/", "/diabetes/ernaehrung/", "/diabetes/hautpflege/", "/diabetes/insulinpens/", "/diabetes/kontrollloesungen/", "/diabetes/lanzetten-stechhilfen/", "/diabetes/medikamente/", "/diabetes/teststreifen/", "/diabetes/urinteststreifen/", "/diabetes/zubehoer/", "#", "#", "/koerperpflege-kosmetik/", "/koerperpflege-kosmetik/fuer-kinder/", "/koerperpflege-kosmetik/fuesse/", "/koerperpflege-kosmetik/gesicht/", "/koerperpflege-kosmetik/haare/", "/koerperpflege-kosmetik/haende/", "/koerperpflege-kosmetik/kontaktlinsen-pflege/", "/koerperpflege-kosmetik/koerper/", "/koerperpflege-kosmetik/make-up/", "/koerperpflege-kosmetik/maenner/", "/koerperpflege-kosmetik/naturkosmetik/", "/koerperpflege-kosmetik/sauna-massage/", "/koerperpflege-kosmetik/sonnencreme/", "/koerperpflege-kosmetik/tattoo-pflege/", "/koerperpflege-kosmetik/zahn-mundpflege/", "/koerperpflege-kosmetik/zeckenpinzetten/", "#", "#", "/liebe-erotik/", "/liebe-erotik/gleitmittel/", "/liebe-erotik/kondome/", "/liebe-erotik/natuerliche-verhuetung/", "/liebe-erotik/potenzstoerungen/", "/liebe-erotik/vaginalkugeln/", "/liebe-erotik/vibratoren-toys/", "#", "#", "/mutter-kind/", "/mutter-kind/babynahrung/", "/mutter-kind/babypflege/", "/mutter-kind/kirschkernkissen-baby/", "/mutter-kind/schnuller-flaschen/", "/mutter-kind/schwangerschaft/", "/mutter-kind/stillzubehoer/", "/mutter-kind/waermetiere/", "/mutter-kind/windeln-zubehoer/", "#", "#", "/nahrungsergaenzung/", "/nahrungsergaenzung/antioxidantien/", "/nahrungsergaenzung/apfelessig/", "/nahrungsergaenzung/augen/", "/nahrungsergaenzung/chitosan/", "/nahrungsergaenzung/chlorella-spirulina-und-algen/", "/nahrungsergaenzung/colostrum/", "/nahrungsergaenzung/diabetiker/", "/nahrungsergaenzung/frauen/", "/nahrungsergaenzung/hals-und-rachen/", "/nahrungsergaenzung/haut-haare-naegel/", "/nahrungsergaenzung/herz-kreislauf/", "/nahrungsergaenzung/hirnleistung-und-nerven/", "/nahrungsergaenzung/immunsystem/", "/nahrungsergaenzung/kinder/", "/nahrungsergaenzung/knochen-und-gelenke/", "/nahrungsergaenzung/kurkuma-kapseln/", "/nahrungsergaenzung/leber/", "/nahrungsergaenzung/magen-und-darm/", "/nahrungsergaenzung/maenner/", "/nahrungsergaenzung/melatonin/", "/nahrungsergaenzung/moringa/", "/nahrungsergaenzung/naehrstoffe/", "/nahrungsergaenzung/saeure-basenhaushalt/", "/nahrungsergaenzung/schwarzkuemmeloel/", "/nahrungsergaenzung/spermidin/", "/nahrungsergaenzung/sportler/", "/nahrungsergaenzung/vitalitaet/", "#", "#", "/natur-homoeopathie/", "/natur-homoeopathie/anthroposophie/", "/natur-homoeopathie/aromatherapie/", "/natur-homoeopathie/bachblueten/", "/natur-homoeopathie/baldrian/", "/natur-homoeopathie/detox/", "/natur-homoeopathie/eichenrinde/", "/natur-homoeopathie/einzelmittel/", "/natur-homoeopathie/essigsaure-tonerde/", "/natur-homoeopathie/flohsamenschalen/", "/natur-homoeopathie/gemmo-therapie/", "/natur-homoeopathie/globuli-a-z/", "/natur-homoeopathie/goji-beeren/", "/natur-homoeopathie/grapefruitkernextrakt/", "/natur-homoeopathie/gruenteeextrakt/", "/natur-homoeopathie/hagebuttenpulver/", "/natur-homoeopathie/heilerde/", "/natur-homoeopathie/homoeopathische-hausapotheken/", "/natur-homoeopathie/komplexmittel/", "/natur-homoeopathie/lm-q-potenzen/", "/natur-homoeopathie/mistelpraeparate/", "/natur-homoeopathie/schuessler-salze/", "/natur-homoeopathie/schwedenbitter/", "/natur-homoeopathie/spenglersan/", "/natur-homoeopathie/taschenapotheken-und-sets/", "/natur-homoeopathie/urtinkturen-spagyrik/", "/natur-homoeopathie/vitalpilze/", "/natur-homoeopathie/weihrauch/", "#", "#", "/sanitaetshaus/", "/sanitaetshaus/corona-schnelltest/", "/sanitaetshaus/desinfektionsmittel/", "/sanitaetshaus/erste-hilfe/", "/sanitaetshaus/frauenhygiene/", "/sanitaetshaus/handschuhe/", "/sanitaetshaus/inkontinenz/", "/sanitaetshaus/kaelte-waermetherapie/", "/sanitaetshaus/kochsalzloesung/", "/sanitaetshaus/medizinische-geraete/", "/sanitaetshaus/medizinische-tests/", "/sanitaetshaus/medizinischer-sauerstoff/", "/sanitaetshaus/mundschutz/", "/sanitaetshaus/ohrstoepsel/", "/sanitaetshaus/pflaster/", "/sanitaetshaus/pflege-zuhaus/", "/sanitaetshaus/spritzen-kanuelen/", "/sanitaetshaus/stoffmasken/", "/sanitaetshaus/struempfe/", "/sanitaetshaus/verbandsmaterial/", "/sanitaetshaus/zehenschutz/", "#", "#", "/sport-fitness/", "/sport-fitness/abnehmmittel/", "/sport-fitness/bandagen-schienen/", "/sport-fitness/fitnessgeraete/", "/sport-fitness/aufbaupraeparate/", "/sport-fitness/pflege-massage/", "/sport-fitness/powerdrinks-riegel/", "#", "#", "/tierbedarf/", "/tierbedarf/hund/", "/tierbedarf/katze/", "/tierbedarf/nager/", "/tierbedarf/homoeopathie-tiere/", "/tierbedarf/pferde/", "/tierbedarf/produkte-fuer-bienenvoelker/", "/tierbedarf/produkte-fuer-brieftauben/", "/tierbedarf/rinder/", "#", "#", "/vitamine-mineralstoffe/", "/vitamine-mineralstoffe/calcium/", "/vitamine-mineralstoffe/chrom-tabletten/", "/vitamine-mineralstoffe/eisen/", "/vitamine-mineralstoffe/jodtabletten/", "/vitamine-mineralstoffe/kalium/", "/vitamine-mineralstoffe/kieselerde/", "/vitamine-mineralstoffe/kupfer/", "/vitamine-mineralstoffe/magnesium/", "/vitamine-mineralstoffe/multivitamine/", "/vitamine-mineralstoffe/selen/", "/vitamine-mineralstoffe/vitamin-a/", "/vitamine-mineralstoffe/vitamin-b/", "/vitamine-mineralstoffe/thiamin/", "/vitamine-mineralstoffe/vitamin-b12/", "/vitamine-mineralstoffe/riboflavin/", "/vitamine-mineralstoffe/niacin/", "/vitamine-mineralstoffe/pantothensaeure/", "/vitamine-mineralstoffe/vitamin-b6/", "/vitamine-mineralstoffe/biotin/", "/vitamine-mineralstoffe/folsaeure/", "/vitamine-mineralstoffe/vitamin-c/", "/vitamine-mineralstoffe/vitamin-d/", "/vitamine-mineralstoffe/vitamin-e/", "/vitamine-mineralstoffe/vitamin-k/", "/vitamine-mineralstoffe/zink/", "#", "#", "/markenshops/", "/markenshops/atida/", "/markenshops/1a-pharma/", "/markenshops/avene/", "/markenshops/caudalie/", "/markenshops/crataegutt/", "/markenshops/dhu-schuessler-salze/", "/markenshops/doppelherz/", "/markenshops/eucerin/", "/markenshops/la-roche-posay/", "/markenshops/physiogel/", "/markenshops/prostagutt/", "/markenshops/tebonin/", "/markenshops/umckaloabo/", "/markenshops/vichy/", "/tierbedarf/", "#", "#", null, null, null, null, null, null, null, null, "/kundenbereich/bonusprogramm/", "#", "#", "/services/wechselwirkungscheck.html", "/services/diabetes-test.html", "/services/bmi-rechner.html", "/hilfe/", "/informationen/service-und-hilfe/", "/ratgeber/", "#", "#", "/rezept-einloesen/", "/rezept-einloesen/", null, "/hilfe/rezepte/wie-bestelle-ich-rezeptpflichtige-medikamente/", "/hilfe/rezepte/worauf-muss-ich-bei-rezepten-achten/", "/angebote.html", "/kundenbereich/", "/kundenbereich/merkzettel/", "/informationen/service-und-hilfe/", "#", "tel:+49 30 622 000 10", "/informationen/service-und-hilfe/kontaktformular/", "https://www.aponeo.de/", "#", "/informationen/service-und-hilfe/", "/hilfe/", "/kundenbereich/", "/passwort-vergessen/", "/kundenbereich/", "/registrieren/", "/kundenbereich/merkzettel/", "/warenkorb/", "/produkte/", "/topseller.html", "/neuheiten.html", "/arzneimittel/", "/bio-genuss/", "/diabetes/", "/koerperpflege-kosmetik/", "/liebe-erotik/", "/mutter-kind/", "/nahrungsergaenzung/", "/natur-homoeopathie/", "/sanitaetshaus/", "/sport-fitness/", "/tierbedarf/", "/vitamine-mineralstoffe/", "/markenshops/", null, "/arzneimittel/antiallergikum/", "/arzneimittel/haut/", "/arzneimittel/herz-kreislauf-venen/", "/arzneimittel/augentropfen/", "/arzneimittel/erkaeltung/", "/arzneimittel/haare-naegel/", "/arzneimittel/hyaluronspritzen/", "/arzneimittel/insektenschutz/", "/arzneimittel/kinder-saeuglinge/", "/arzneimittel/leber-galle/", "/arzneimittel/lokalanaesthetika/", "/arzneimittel/magen-darm/", "/arzneimittel/medizinische-ratgeber/", "/arzneimittel/mundhygiene/", "/arzneimittel/nasenspray/", "/arzneimittel/schlaf-nerven/", "/arzneimittel/niere-blase-prostata/", "/arzneimittel/ohrentropfen/", "/arzneimittel/pms-behandeln/", "/arzneimittel/raucherentwoehnung/", "/arzneimittel/reiseapotheke/", "/arzneimittel/reisetabletten/", "/arzneimittel/rheuma-muskeln/", "/arzneimittel/schlaftabletten/", "/arzneimittel/schmerztabletten/", "/arzneimittel/wechseljahre/", "https://www.aponeo.de/06680881-ginkobil-ratiopharm-120-mg-filmtabletten.html", "/ratgeber/das-immunsystem.html", "/ratgeber/erkaeltung-kindererkrankungen.html", "/ratgeber/husten.html", "/ratgeber/kosmetik-und-wellness.html", "/ratgeber/rueckenschmerzen.html", null, "/bio-genuss/ayurveda-produkte/", "/bio-genuss/bio-produkte/", "/bio-genuss/genuessliches/", "/bio-genuss/honig/", "/bio-genuss/saefte/", "/bio-genuss/suesses/", "/bio-genuss/tee/", "/bio-genuss/zuckerersatz/", "https://www.aponeo.de/suche/?s=17924783_17924760_17924748_17924754_17924777", "/ratgeber/gluten.html", "/ratgeber/kleine-teekunde.html", "/ratgeber/ausgewogene-ernaehrung-als-basis.html", null, "/diabetes/blutzuckermessgeraet/", "/diabetes/ernaehrung/", "/diabetes/hautpflege/", "/diabetes/insulinpens/", "/diabetes/kontrollloesungen/", "/diabetes/lanzetten-stechhilfen/", "/diabetes/medikamente/", "/diabetes/teststreifen/", "/diabetes/urinteststreifen/", "/diabetes/zubehoer/", "/ratgeber/30-minuten-spazieren-taeglich-schuetzen.html", "/ratgeber/diabetes-mellitus-typ-1-bei-kindern.html", "/ratgeber/ueberzuckerung-und-unterzuckerung-erste-hilfe.html", "/ratgeber/schwangerschaft-und-diabetes.html", null, "/koerperpflege-kosmetik/fuer-kinder/", "/koerperpflege-kosmetik/fuesse/", "/koerperpflege-kosmetik/gesicht/", "/koerperpflege-kosmetik/haare/", "/koerperpflege-kosmetik/haende/", "/koerperpflege-kosmetik/kontaktlinsen-pflege/", "/koerperpflege-kosmetik/koerper/", "/koerperpflege-kosmetik/make-up/", "/koerperpflege-kosmetik/maenner/", "/koerperpflege-kosmetik/naturkosmetik/", "/koerperpflege-kosmetik/sauna-massage/", "/koerperpflege-kosmetik/sonnencreme/", "/koerperpflege-kosmetik/tattoo-pflege/", "/koerperpflege-kosmetik/zahn-mundpflege/", "/koerperpflege-kosmetik/zeckenpinzetten/", "https://www.aponeo.de/ideen/sonnenschutz/", "/ratgeber/mundhygiene.html", "/ratgeber/jojoba-der-beauty-profi.html", "/ratgeber/kosmetik-und-wellness.html", null, "/liebe-erotik/gleitmittel/", "/liebe-erotik/kondome/", "/liebe-erotik/natuerliche-verhuetung/", "/liebe-erotik/potenzstoerungen/", "/liebe-erotik/vaginalkugeln/", "/liebe-erotik/vibratoren-toys/", "/ratgeber/erektile-dysfunktion.html", "/ratgeber/impotenz.html", "/ratgeber/schlafstoerungen-erkennen-richtig-behandeln.html", null, "/mutter-kind/babynahrung/", "/mutter-kind/babypflege/", "/mutter-kind/kirschkernkissen-baby/", "/mutter-kind/schnuller-flaschen/", "/mutter-kind/schwangerschaft/", "/mutter-kind/stillzubehoer/", "/mutter-kind/waermetiere/", "/mutter-kind/windeln-zubehoer/", "/ratgeber/erkaeltung-kindererkrankungen.html", "/ratgeber/kinder-ernaehrung.html", "/ratgeber/fluessigkeitshaushalt-kinder.html", "/ratgeber/masern-kindererkrankungen.html", null, "/nahrungsergaenzung/antioxidantien/", "/nahrungsergaenzung/apfelessig/", "/nahrungsergaenzung/augen/", "/nahrungsergaenzung/chitosan/", "/nahrungsergaenzung/chlorella-spirulina-und-algen/", "/nahrungsergaenzung/colostrum/", "/nahrungsergaenzung/diabetiker/", "/nahrungsergaenzung/frauen/", "/nahrungsergaenzung/hals-und-rachen/", "/nahrungsergaenzung/haut-haare-naegel/", "/nahrungsergaenzung/herz-kreislauf/", "/nahrungsergaenzung/hirnleistung-und-nerven/", "/nahrungsergaenzung/immunsystem/", "/nahrungsergaenzung/kinder/", "/nahrungsergaenzung/knochen-und-gelenke/", "/nahrungsergaenzung/kurkuma-kapseln/", "/nahrungsergaenzung/leber/", "/nahrungsergaenzung/magen-und-darm/", "/nahrungsergaenzung/maenner/", "/nahrungsergaenzung/melatonin/", "/nahrungsergaenzung/moringa/", "/nahrungsergaenzung/naehrstoffe/", "/nahrungsergaenzung/saeure-basenhaushalt/", "/nahrungsergaenzung/schwarzkuemmeloel/", "/nahrungsergaenzung/spermidin/", "/nahrungsergaenzung/sportler/", "/nahrungsergaenzung/vitalitaet/", "/ratgeber/eisenmangel.html", "/ratgeber/laktoseintoleranz.html", "/ratgeber/zink.html", "/ratgeber/zoeliakie.html", null, "/natur-homoeopathie/anthroposophie/", "/natur-homoeopathie/aromatherapie/", "/natur-homoeopathie/bachblueten/", "/natur-homoeopathie/baldrian/", "/natur-homoeopathie/detox/", "/natur-homoeopathie/eichenrinde/", "/natur-homoeopathie/einzelmittel/", "/natur-homoeopathie/essigsaure-tonerde/", "/natur-homoeopathie/flohsamenschalen/", "/natur-homoeopathie/gemmo-therapie/", "/natur-homoeopathie/globuli-a-z/", "/natur-homoeopathie/goji-beeren/", "/natur-homoeopathie/grapefruitkernextrakt/", "/natur-homoeopathie/gruenteeextrakt/", "/natur-homoeopathie/hagebuttenpulver/", "/natur-homoeopathie/heilerde/", "/natur-homoeopathie/homoeopathische-hausapotheken/", "/natur-homoeopathie/komplexmittel/", "/natur-homoeopathie/lm-q-potenzen/", "/natur-homoeopathie/mistelpraeparate/", "/natur-homoeopathie/schuessler-salze/", "/natur-homoeopathie/schwedenbitter/", "/natur-homoeopathie/spenglersan/", "/natur-homoeopathie/taschenapotheken-und-sets/", "/natur-homoeopathie/urtinkturen-spagyrik/", "/natur-homoeopathie/vitalpilze/", "/natur-homoeopathie/weihrauch/", "/ratgeber/husten.html", "/ratgeber/homoeopathische-sommer-und-reiseapotheke.html", "/ratgeber/aconitum.html", null, "/sanitaetshaus/corona-schnelltest/", "/sanitaetshaus/desinfektionsmittel/", "/sanitaetshaus/erste-hilfe/", "/sanitaetshaus/frauenhygiene/", "/sanitaetshaus/handschuhe/", "/sanitaetshaus/inkontinenz/", "/sanitaetshaus/kaelte-waermetherapie/", "/sanitaetshaus/kochsalzloesung/", "/sanitaetshaus/medizinische-geraete/", "/sanitaetshaus/medizinische-tests/", "/sanitaetshaus/medizinischer-sauerstoff/", "/sanitaetshaus/mundschutz/", "/sanitaetshaus/ohrstoepsel/", "/sanitaetshaus/pflaster/", "/sanitaetshaus/pflege-zuhaus/", "/sanitaetshaus/spritzen-kanuelen/", "/sanitaetshaus/stoffmasken/", "/sanitaetshaus/struempfe/", "/sanitaetshaus/verbandsmaterial/", "/sanitaetshaus/zehenschutz/", "/ratgeber/wundversorgung-erste-hilfe.html", "/ratgeber/hausapotheke.html", "/ratgeber/wiederbelebungsmassnahmen-erste-hilfe-am-unfa.html", null, "/sport-fitness/abnehmmittel/", "/sport-fitness/bandagen-schienen/", "/sport-fitness/fitnessgeraete/", "/sport-fitness/aufbaupraeparate/", "/sport-fitness/pflege-massage/", "/sport-fitness/powerdrinks-riegel/", "/ratgeber/vom-ersten-schritt-zum-marathon.html", null, "/tierbedarf/hund/", "/tierbedarf/katze/", "/tierbedarf/nager/", "/tierbedarf/homoeopathie-tiere/", "/tierbedarf/pferde/", "/tierbedarf/produkte-fuer-bienenvoelker/", "/tierbedarf/produkte-fuer-brieftauben/", "/tierbedarf/rinder/", null, "/vitamine-mineralstoffe/calcium/", "/vitamine-mineralstoffe/chrom-tabletten/", "/vitamine-mineralstoffe/eisen/", "/vitamine-mineralstoffe/jodtabletten/", "/vitamine-mineralstoffe/kalium/", "/vitamine-mineralstoffe/kieselerde/", "/vitamine-mineralstoffe/kupfer/", "/vitamine-mineralstoffe/magnesium/", "/vitamine-mineralstoffe/multivitamine/", "/vitamine-mineralstoffe/selen/", "/vitamine-mineralstoffe/vitamin-a/", "/vitamine-mineralstoffe/vitamin-b/", "/vitamine-mineralstoffe/thiamin/", "/vitamine-mineralstoffe/vitamin-b12/", "/vitamine-mineralstoffe/riboflavin/", "/vitamine-mineralstoffe/niacin/", "/vitamine-mineralstoffe/pantothensaeure/", "/vitamine-mineralstoffe/vitamin-b6/", "/vitamine-mineralstoffe/biotin/", "/vitamine-mineralstoffe/folsaeure/", "/vitamine-mineralstoffe/vitamin-c/", "/vitamine-mineralstoffe/vitamin-d/", "/vitamine-mineralstoffe/vitamin-e/", "/vitamine-mineralstoffe/vitamin-k/", "/vitamine-mineralstoffe/zink/", "https://www.aponeo.de/vitamine-mineralstoffe/vitamin-c/", "/ratgeber/eisenmangel.html", "/ratgeber/zink.html", "/ratgeber/wadenkraempfe.html", "/markenshops/", "/markenshops/atida/", "/markenshops/1a-pharma/", "/markenshops/avene/", "/markenshops/caudalie/", "/markenshops/crataegutt/", "/markenshops/dhu-schuessler-salze/", "/markenshops/doppelherz/", "/markenshops/eucerin/", "/markenshops/la-roche-posay/", "/markenshops/physiogel/", "/markenshops/prostagutt/", "/markenshops/tebonin/", "/markenshops/umckaloabo/", "/markenshops/vichy/", "/markenshops/atida/atida-kosmetik/", "/markenshops/atida/medizinprodukte/", "/markenshops/atida/atida-zahnpflege/", "/markenshops/1a-pharma/1a-reiseapotheke/", "/markenshops/1a-pharma/allergieundheuschnupfen/", "/markenshops/1a-pharma/hautpilzundlippenherpes/", "/markenshops/1a-pharma/hustenunderkaeltung/", "/markenshops/1a-pharma/magenunddarm/", "/markenshops/1a-pharma/mentale-gesundheit/", "/markenshops/1a-pharma/schmerz/", "/markenshops/1a-pharma/thromboseschutz/", "/markenshops/avene/anti-aging/", "/markenshops/avene/dermatologisches-make-up/", "/markenshops/avene/neurodermitis/", "/markenshops/avene/pflege-fuer-ueberempfindliche-haut/", "/markenshops/avene/roetungen/", "/markenshops/avene/sonnenschutz/", "/markenshops/avene/trockene-haut/", "/markenshops/avene/unreine-haut/", "/markenshops/avene/wundpflege/", "/markenshops/caudalie/vinoperfect/", "/markenshops/caudalie/koerperpflege/", "/markenshops/avene/pflege-fuer-ueberempfindliche-haut/", "https://www.aponeo.de/markenshops/crataegutt/", "https://www.aponeo.de/14064535-crataegutt-450-mg-herz-kreislauf-tabletten.html", "https://www.aponeo.de/11885622-crataegutt-herz-kreislauf-tropfen.html", "/markenshops/dhu-schuessler-salze/globuli/", "/markenshops/dhu-schuessler-salze/salben/", "/markenshops/dhu-schuessler-salze/sets-und-kuren/", "/markenshops/dhu-schuessler-salze/tabletten/", "https://www.aponeo.de/markenshops/doppelherz/", "https://www.aponeo.de/17268563-minoxidil-doppelherzphar-50mg-ml-lsg-anw-haut-mann.html", "https://www.aponeo.de/17268557-minoxidil-doppelherzphar-20mg-ml-lsg-anw-haut-frau.html", "/markenshops/eucerin/allergie/", "/markenshops/eucerin/anti-age/", "/markenshops/eucerin/empfindliche-haut/", "/markenshops/eucerin/feuchtigkeitspflege/", "/markenshops/eucerin/gesichtsreinigung/", "/markenshops/eucerin/kopfhaut-und-haar/", "/markenshops/eucerin/neurodermitis/", "/markenshops/eucerin/pigmentflecken/", "/markenshops/eucerin/sonnenschutz/", "/markenshops/eucerin/trockene-haut/", "/markenshops/eucerin/unreine-haut/", "https://www.aponeo.de/markenshops/physiogel/", "https://www.aponeo.de/04357472-physiogel-calming-relief-a-i-creme.html", "https://www.aponeo.de/04362705-physiogel-scalp-care-mildes-shampoo.html", "https://www.aponeo.de/markenshops/prostagutt/", "https://www.aponeo.de/16151764-prostagutt-duo-160-mg-120-mg-weichkapseln.html", "https://www.aponeo.de/16151770-prostagutt-duo-160-mg-120-mg-weichkapseln.html", "https://www.aponeo.de/markenshops/tebonin/", "https://www.aponeo.de/07752045-tebonin-konzent-240-mg-filmtabletten.html", "https://www.aponeo.de/03379106-tebonin-intens-120-mg-filmtabletten.html", "https://www.aponeo.de/markenshops/umckaloabo/", "https://www.aponeo.de/01062049-umckaloabo-fluessig.html", "https://www.aponeo.de/00148843-umckaloabo-20-mg-filmtabletten.html", "/markenshops/vichy/anti-age-fuer-reife-haut/", "/markenshops/vichy/anti-age-und-straffheit/", "/markenshops/vichy/deodorant/", "/markenshops/vichy/mineral-89/", null, null, null, null, null, null, null, null, null, null, "https://www.aponeo.de/14352754-keltican-forte-kapseln.html", "https://www.aponeo.de/14352754-keltican-forte-kapseln.html", "https://www.aponeo.de/14352754-keltican-forte-kapseln.html", "https://www.aponeo.de/14352754-keltican-forte-kapseln.html", "https://www.aponeo.de/14352754-keltican-forte-kapseln.html", "https://www.aponeo.de/14352754-keltican-forte-kapseln.html", "https://www.aponeo.de/14352754-keltican-forte-kapseln.html", "https://www.aponeo.de/14352754-keltican-forte-kapseln.html", "/kundenbereich/bonusprogramm/", "/services/", "/services/wechselwirkungscheck.html", "/services/diabetes-test.html", "/services/bmi-rechner.html", "/hilfe/", "/informationen/service-und-hilfe/", "/ratgeber/", "/ratgeber/", "/ratgeber/heuschnupfen-wenn-pollen-im-anflug-sind.html", "/ratgeber/sonnenallergie.html", "/ratgeber/grippaler-infekt.html", "/ratgeber/rueckenschmerzen.html", "/ratgeber/nackenschmerzen.html", "/ratgeber/kopfschmerzen.html", "/ratgeber/blasenentzuendung.html", "/ratgeber/fusspilz.html", "/ratgeber/wadenkraempfe.html", "/ratgeber/sodbrennen.html", "https://www.aponeo.de/ratgeber/heuschnupfen-wenn-pollen-im-anflug-sind.html#l", "https://www.aponeo.de/ratgeber/heuschnupfen-wenn-pollen-im-anflug-sind.html#2", "https://www.aponeo.de/ratgeber/heuschnupfen-wenn-pollen-im-anflug-sind.html#3", "https://www.aponeo.de/ratgeber/heuschnupfen-wenn-pollen-im-anflug-sind.html#4", "https://www.aponeo.de/ratgeber/sonnenallergie.html#l", "https://www.aponeo.de/ratgeber/sonnenallergie.html#2", "https://www.aponeo.de/ratgeber/sonnenallergie.html#3", "https://www.aponeo.de/ratgeber/sonnenallergie.html#4", "https://www.aponeo.de/ratgeber/sonnenallergie.html#5", "https://www.aponeo.de/ratgeber/grippaler-infekt.html#allgemein", "https://www.aponeo.de/ratgeber/grippaler-infekt.html#dauer", "https://www.aponeo.de/ratgeber/grippaler-infekt.html#symptome", "https://www.aponeo.de/ratgeber/grippaler-infekt.html#inkubationszeit", "https://www.aponeo.de/ratgeber/rueckenschmerzen.html#anatomie", "https://www.aponeo.de/ratgeber/rueckenschmerzen.html#unten", "https://www.aponeo.de/ratgeber/rueckenschmerzen.html#mitte", "https://www.aponeo.de/ratgeber/rueckenschmerzen.html#oben", "https://www.aponeo.de/ratgeber/rueckenschmerzen.html#wastun", "https://www.aponeo.de/ratgeber/rueckenschmerzen.html#stark", "https://www.aponeo.de/ratgeber/rueckenschmerzen.html#liste", "https://www.aponeo.de/ratgeber/rueckenschmerzen.html#fazit", "https://www.aponeo.de/ratgeber/nackenschmerzen.html#entstehen", "https://www.aponeo.de/ratgeber/nackenschmerzen.html#uebungen", "https://www.aponeo.de/ratgeber/nackenschmerzen.html#vermeiden", "https://www.aponeo.de/ratgeber/nackenschmerzen.html#therapien", "https://www.aponeo.de/ratgeber/nackenschmerzen.html#zusammenhang", "https://www.aponeo.de/ratgeber/nackenschmerzen.html#wastun", "https://www.aponeo.de/ratgeber/nackenschmerzen.html#achtung", "https://www.aponeo.de/ratgeber/nackenschmerzen.html#fazit", "https://www.aponeo.de/ratgeber/kopfschmerzen.html#l", "https://www.aponeo.de/ratgeber/kopfschmerzen.html#2", "https://www.aponeo.de/ratgeber/kopfschmerzen.html#3", "https://www.aponeo.de/ratgeber/blasenentzuendung.html#symptome", "https://www.aponeo.de/ratgeber/blasenentzuendung.html#hausmittel", "https://www.aponeo.de/ratgeber/blasenentzuendung.html#anti", "https://www.aponeo.de/ratgeber/blasenentzuendung.html#mann", "https://www.aponeo.de/ratgeber/blasenentzuendung.html#wastun", "https://www.aponeo.de/ratgeber/blasenentzuendung.html#vorbeugen", "https://www.aponeo.de/ratgeber/fusspilz.html#hausmittel", "https://www.aponeo.de/ratgeber/fusspilz.html#behandeln", "https://www.aponeo.de/ratgeber/fusspilz.html#bilder", "https://www.aponeo.de/ratgeber/fusspilz.html#wastun", "https://www.aponeo.de/ratgeber/fusspilz.html#symptome", "https://www.aponeo.de/ratgeber/fusspilz.html#fazit", "https://www.aponeo.de/ratgeber/wadenkraempfe.html#wadenkraempfe", "https://www.aponeo.de/ratgeber/wadenkraempfe.html#nachts", "https://www.aponeo.de/ratgeber/wadenkraempfe.html#ursachen", "https://www.aponeo.de/ratgeber/wadenkraempfe.html#schwangerschaft", "https://www.aponeo.de/ratgeber/wadenkraempfe.html#magnesium", "https://www.aponeo.de/ratgeber/wadenkraempfe.html#schmerzen", "https://www.aponeo.de/ratgeber/sodbrennen.html#washilft", "https://www.aponeo.de/ratgeber/sodbrennen.html#1.2", "https://www.aponeo.de/ratgeber/sodbrennen.html#symptome", "https://www.aponeo.de/ratgeber/sodbrennen.html#ursachen", "https://www.aponeo.de/ratgeber/sodbrennen.html#3.1", "https://www.aponeo.de/ratgeber/sodbrennen.html#fazit", "/rezept-einloesen/", "/rezept-einloesen/", null, "/hilfe/rezepte/wie-bestelle-ich-rezeptpflichtige-medikamente/", "/hilfe/rezepte/worauf-muss-ich-bei-rezepten-achten/", "/rezept-einloesen/", "/rezept-einloesen/", "/rezept-einloesen/", "/rezept-einloesen/", "/angebote.html", "#", "intent://#Intent;scheme=aponeo;package=com.aponeo.app;S.browser_fallback_url=https%3A%2F%2Fplay.google.com%2Fstore%2Fapps%2Fdetails%3Fid%3Dcom.aponeo.app;end", "/warenkorb/", "/produkte/", "/natur-homoeopathie/", "/natur-homoeopathie/aromatherapie/", "https://www.aponeo.de/natur-homoeopathie/aromatherapie/aromabad/", "https://www.aponeo.de/natur-homoeopathie/aromatherapie/duefte/", "https://www.aponeo.de/natur-homoeopathie/aromatherapie/aetherische-oele-duftoele/", "https://www.aponeo.de/natur-homoeopathie/aromatherapie/duftlampen/", "https://www.aponeo.de/natur-homoeopathie/aromatherapie/duftset/", "https://www.aponeo.de/natur-homoeopathie/aromatherapie/duftsteine/", "https://www.aponeo.de/natur-homoeopathie/aromatherapie/dufttuecher/", "https://www.aponeo.de/natur-homoeopathie/aromatherapie/massageoele/", "https://www.aponeo.de/natur-homoeopathie/aromatherapie/parfuem/", "https://www.aponeo.de/natur-homoeopathie/aromatherapie/raumspray/", "https://www.aponeo.de/natur-homoeopathie/aromatherapie/roll-ons/", "https://www.aponeo.de/", "/produkte/", "/natur-homoeopathie/", "/natur-homoeopathie/aromatherapie/", "#", "https://www.aponeo.de/natur-homoeopathie/aromatherapie/aromabad/", "https://www.aponeo.de/natur-homoeopathie/aromatherapie/duefte/", "https://www.aponeo.de/natur-homoeopathie/aromatherapie/aetherische-oele-duftoele/", "https://www.aponeo.de/natur-homoeopathie/aromatherapie/duftlampen/", "https://www.aponeo.de/natur-homoeopathie/aromatherapie/duftset/", "https://www.aponeo.de/natur-homoeopathie/aromatherapie/duftsteine/", "https://www.aponeo.de/natur-homoeopathie/aromatherapie/dufttuecher/", "https://www.aponeo.de/natur-homoeopathie/aromatherapie/massageoele/", "https://www.aponeo.de/natur-homoeopathie/aromatherapie/parfuem/", "https://www.aponeo.de/natur-homoeopathie/aromatherapie/raumspray/", "https://www.aponeo.de/natur-homoeopathie/aromatherapie/roll-ons/", null, null, null, null, null, "javascript:;", "javascript:void(0);", null, null, null, null, "https://www.aponeo.de/00357995-weleda-arnika-massageoel.html", "https://www.aponeo.de/04287286-mandeloel.html", "https://www.aponeo.de/07555853-teebaum-oel-kba-aus-kontrolliert-biologischem-anbau.html", "https://www.aponeo.de/12564127-weleda-sanddorn-vitalisierendes-pflege-oel.html", "https://www.aponeo.de/03322997-dolo-cyl-oel.html", "https://www.aponeo.de/16485755-frauenwohl-zyklus-balance-oel-bio.html", "https://www.aponeo.de/07404605-mandeloel.html", "https://www.aponeo.de/06936990-weleda-wildrose-pflegeoel.html", "https://www.aponeo.de/03431597-weleda-arnika-massageoel.html", "https://www.aponeo.de/03322980-dolo-cyl-oel.html", "https://www.aponeo.de/01316030-weleda-sanddorn-pflegeoel.html", "https://www.aponeo.de/00358026-weleda-arnika-massageoel.html", "https://www.aponeo.de/00011541-oleotherm-muskeloel.html", "https://www.aponeo.de/02406031-spitzner-massageoel.html", "https://www.aponeo.de/02218045-hagebuttenkernoel-bio.html", "https://www.aponeo.de/01419244-massage-oel-schupp-neutral.html", "https://www.aponeo.de/01886307-mandeloel-kba.html", "https://www.aponeo.de/00393910-massage-lotion-neutral.html", "https://www.aponeo.de/00453256-lavendel-massage-oel.html", "https://www.aponeo.de/08773486-wildrosenoel.html", "https://www.aponeo.de/04979765-massage-oel-neutral.html", "https://www.aponeo.de/02755731-aprikosenkernoel-bio.html", "https://www.aponeo.de/04979771-massage-oel-orange.html", "https://www.aponeo.de/07494809-aprikosenkernoel.html", "https://www.aponeo.de/00018253-nachtkerzenoel-bio.html", "https://www.aponeo.de/04979788-massage-oel-zitrone.html", "https://www.aponeo.de/05511662-spitzner-massage-einreibung-arnika.html", "https://www.aponeo.de/00038907-massage-lotion-neutral.html", "https://www.aponeo.de/02124479-johanniskraut-bio-body-oil.html", "https://www.aponeo.de/04287292-weizenkeimoel.html", null, null, "", "/natur-homoeopathie/aromatherapie/massageoele/seite2.html", "/natur-homoeopathie/aromatherapie/massageoele/seite2.html", "/natur-homoeopathie/aromatherapie/massageoele/seite2.html", "#", null, null, null, "/informationen/ueber-uns/sicherheit-und-auszeichnungen/", "https://ehi-siegel.de/verbraucher/shops-mit-siegel/zertifizierte-shops/zertifikat/c9a5286d91bc7f0fd14165f81b3140bc/", "https://versandhandel.dimdi.de/websearch/servlet/Gate?accessid=dimdi_var&term=2798857590801c4e5bbaa140ad0a81a3", "https://www.trustedshops.com/bewertung/info_X02014F69445966EB50445D40FDAC73E1.html", "https://www.bvl.bund.de/DE/Arbeitsbereiche/05_Tierarzneimittel/02_Verbraucher/07_Haendlerregister/05_Tabelle/tam_haendler_node.html#TAM-H-402", "/informationen/ueber-uns/", "/informationen/ueber-uns/heilpraktikerverzeichnis/", "/informationen/service/", "/informationen/rechtliches/", "https://www.facebook.com/aponeo", "http://twitter.com/#!/aponeo", "https://itunes.apple.com/de/app/aponeo/id1459083757?ls=1&mt=8", "https://play.google.com/store/apps/details?id=com.aponeo.app", "/kundenbereich/bonusprogramm/", "/ratgeber/rueckenschmerzen.html", "/ratgeber/durchfall-hausmittel.html", "/ratgeber/das-immunsystem.html", "/ratgeber/bryonia.html", "/02295643-abc-waerme-pflaster-capsicum-hansaplast-med-14x22.html", "/markenshops/kytta/", "/markenshops/thermacare/", "/markenshops/voltaren/", "/rezept-einloesen/e-rezept/", "/sport-fitness/aufbaupraeparate/eiweissnahrung/", "/markenshops/manuka-health/", "/nahrungsergaenzung/spermidin/", "/ideen/hallo-herbst/", "/arzneimittel/erkaeltung/", "/nahrungsergaenzung/immunsystem/", "/koerperpflege-kosmetik/koerper/trockene-sensible-haut/", "/markenshops/bepanthen/", "/18320478-elotrans-reload-elektrolyt-pulver-mit-vitaminen.html", "/vitamine-mineralstoffe/magnesium/", "/arzneimittel/schmerztabletten/", "/arzneimittel/schmerztabletten/kopfschmerztabletten/", "/sanitaetshaus/medizinische-geraete/fieberthermometer/ ", "/sanitaetshaus/pflaster/", "/arzneimittel/magen-darm/", "/informationen/rechtliches/agb/", "/informationen/rechtliches/widerrufsbelehrung/", "/informationen/rechtliches/impressum/", "/informationen/rechtliches/datenschutz/", "#"]}