{"title": "Parf\u00fcm f\u00fcr Ihr Wohlbefinden g\u00fcnstig online bestellen", "author": null, "url": "https://www.aponeo.de/natur-homoeopathie/aromatherapie/parfuem/", "hostname": "aponeo.de", "description": "Hier finden Sie eine vielseitige Auswahl wohlriechender und erfrischender Raumsprays zur Aromatherapie und f\u00fcr Ihre Wohnr\u00e4ume. APONEO | Mehr als Apotheke", "sitename": "Aponeo \u2013 Mehr als Apotheke", "date": "2023-10-25", "id": null, "license": null, "body": null, "comments": "", "commentsbody": null, "raw_text": null, "text": "Parf\u00fcm f\u00fcr Ihr Wohlbefinden\nDarreichungsform\nPackungsgr\u00f6\u00dfe\nAnbieter / Hersteller\nMarke\nPreis\nFilter zur\u00fccksetzen\n[Caudalie Eau fraiche The des vignes Spray](https://www.aponeo.de/18021155-caudalie-eau-fraiche-the-des-vignes-spray.html)\nPZN: 18021155\nSpray, 100 ml, Caudalie Deutschland GmbH\nSpray, 100 ml, Caudalie Deutschland GmbH\nPflichtangaben\nUVP138,50 \u20ac\n32,72 \u20ac\n(327,20 \u20ac/1 l)\nArtikel auf Lager\n[Speick Men Eau de Toilette](https://www.aponeo.de/09647660-speick-men-eau-de-toilette.html)\nPZN: 09647660\nFl\u00fcssigkeit, 50 ml, Speick Naturkosmetik GmbH & Co. KG\nFl\u00fcssigkeit, 50 ml, Speick Naturkosmetik GmbH & Co. KG\nPflichtangaben\nUVP120,29 \u20ac\n16,55 \u20ac\n(331,00 \u20ac/1 l)\nArtikel verf\u00fcgbar\n[Caudalie Eau fraiche Fleur de vigne Spray](https://www.aponeo.de/18021132-caudalie-eau-fraiche-fleur-de-vigne-spray.html)\nPZN: 18021132\nSpray, 50 ml, Caudalie Deutschland GmbH\nSpray, 50 ml, Caudalie Deutschland GmbH\nPflichtangaben\nUVP127,50 \u20ac\n23,37 \u20ac\n(467,40 \u20ac/1 l)\nArtikel auf Lager\n[Nuxe Reve de The Duftspray](https://www.aponeo.de/17157898-nuxe-reve-de-the-duftspray.html)\nPZN: 17157898\nSpray, 100 ml, NUXE GmbH\nSpray, 100 ml, NUXE GmbH\nPflichtangaben\nUVP135,50 \u20ac\n30,17 \u20ac\n(301,70 \u20ac/1 l)\nArtikel auf Lager\n[Mytao Mein Bioparfum drei](https://www.aponeo.de/02838090-mytao-mein-bioparfum-drei.html)\nPZN: 02838090\n15 ml, TAOASIS GmbH Natur Duft Manufaktur\n15 ml, TAOASIS GmbH Natur Duft Manufaktur\nPflichtangaben\nUVP118,90 \u20ac\n11,99 \u20ac\n(799,33 \u20ac/1 l)\nArtikel verf\u00fcgbar\n[Caudalie Eau fraiche Soleil des vignes Spray](https://www.aponeo.de/18021184-caudalie-eau-fraiche-soleil-des-vignes-spray.html)\nPZN: 18021184\nSpray, 50 ml, Caudalie Deutschland GmbH\nSpray, 50 ml, Caudalie Deutschland GmbH\nPflichtangaben\nUVP127,50 \u20ac\n23,37 \u20ac\n(467,40 \u20ac/1 l)\nArtikel auf Lager\n[Caudalie Eau fraiche Rose de vigne Spray](https://www.aponeo.de/18021161-caudalie-eau-fraiche-rose-de-vigne-spray.html)\nPZN: 18021161\nSpray, 50 ml, Caudalie Deutschland GmbH\nSpray, 50 ml, Caudalie Deutschland GmbH\nPflichtangaben\nUVP127,50 \u20ac\n23,37 \u20ac\n(467,40 \u20ac/1 l)\nArtikel auf Lager\n[Mytao Mein Bioparfum eins](https://www.aponeo.de/09930723-mytao-mein-bioparfum-eins.html)\nPZN: 09930723\n15 ml, TAOASIS GmbH Natur Duft Manufaktur\n15 ml, TAOASIS GmbH Natur Duft Manufaktur\nPflichtangaben\nUVP118,90 \u20ac\n11,99 \u20ac\n(799,33 \u20ac/1 l)\nArtikel verf\u00fcgbar\n[Speick natural Eau de Cologne fresh](https://www.aponeo.de/10964466-speick-natural-eau-de-cologne-fresh.html)\nPZN: 10964466\nFl\u00fcssigkeit, 100 ml, Speick Naturkosmetik GmbH & Co. KG\nFl\u00fcssigkeit, 100 ml, Speick Naturkosmetik GmbH & Co. KG\nPflichtangaben\nUVP113,89 \u20ac\n11,29 \u20ac\n(112,90 \u20ac/1 l)\nArtikel verf\u00fcgbar\n[Mytao Mein Bioparfum f\u00fcnf](https://www.aponeo.de/02837765-mytao-mein-bioparfum-fuenf.html)\nPZN: 02837765\n15 ml, TAOASIS GmbH Natur Duft Manufaktur\n15 ml, TAOASIS GmbH Natur Duft Manufaktur\nPflichtangaben\nUVP124,90 \u20ac\n16,85 \u20ac\n(1123,33 \u20ac/1 l)\nArtikel verf\u00fcgbar\n[Caudalie Eau fraiche The des vignes Spray](https://www.aponeo.de/18021149-caudalie-eau-fraiche-the-des-vignes-spray.html)\nPZN: 18021149\nSpray, 50 ml, Caudalie Deutschland GmbH\nSpray, 50 ml, Caudalie Deutschland GmbH\nPflichtangaben\nUVP127,50 \u20ac\n23,37 \u20ac\n(467,40 \u20ac/1 l)\nArtikel auf Lager\n[Zerst\u00e4uber Glas wei\u00df 50ml](https://www.aponeo.de/05026085-zerstaeuber-glas-50-ml-weiss.html)\nPZN: 05026085\n1 St, Spinnrad GmbH\n1 St, Spinnrad GmbH\nPflichtangaben\n4,15 \u20ac\nArtikel verf\u00fcgbar\n[Mytao Mein Bioparfum vier](https://www.aponeo.de/02837908-mytao-mein-bioparfum-vier.html)\nPZN: 02837908\n15 ml, TAOASIS GmbH Natur Duft Manufaktur\n15 ml, TAOASIS GmbH Natur Duft Manufaktur\nPflichtangaben\nUVP122,90 \u20ac\n14,45 \u20ac\n(963,33 \u20ac/1 l)\nArtikel verf\u00fcgbar\n[Flakon Spr\u00fcher 15 ml Glas](https://www.aponeo.de/00165474-flakon-sprueher-glas-15-ml.html)\nPZN: 00165474\n15 ml, Spinnrad GmbH\n15 ml, Spinnrad GmbH\nPflichtangaben\nMRP25,98 \u20ac\n3,15 \u20ac\n(210,00 \u20ac/1 l)\nArtikel verf\u00fcgbar\n[Zerst\u00e4uber wei\u00df](https://www.aponeo.de/01384787-zerstaeuber-weiss-250-ml.html)\nPZN: 01384787\n250 ml, Spinnrad GmbH\n250 ml, Spinnrad GmbH\nPflichtangaben\nUVP14,19 \u20ac\n3,85 \u20ac\n(15,40 \u20ac/1 l)\nArtikel verf\u00fcgbar\n[Nuxe Geschenk-Set Prodigieux](https://www.aponeo.de/18173540-nuxe-geschenkset-prodigieux.html)\nPZN: 18173540\nKombipackung, 1 P, NUXE GmbH\nKombipackung, 1 P, NUXE GmbH\nPflichtangaben\n33,91 \u20ac\nz.Zt. nicht verf\u00fcgbar\n[Nuxe Geschenk-Set Prodigieux Floral](https://www.aponeo.de/18173534-nuxe-geschenkset-prodigieux-floral.html)\nPZN: 18173534\nKombipackung, 1 P, NUXE GmbH\nKombipackung, 1 P, NUXE GmbH\nPflichtangaben\n33,91 \u20ac\nz.Zt. nicht verf\u00fcgbar\n[Nuxe Prodigieux le Parfum Spray](https://www.aponeo.de/10989354-nuxe-prodigieux-le-parfum-spray.html)\nPZN: 10989354\nSpray, 50 ml, NUXE GmbH\nSpray, 50 ml, NUXE GmbH\nPflichtangaben\n50,57 \u20ac\n(1011,40 \u20ac/1 l)\nz.Zt. nicht verf\u00fcgbar\n[Nuxe Prodigieux Floral Parfum Spray](https://www.aponeo.de/17157941-nuxe-prodigieux-floral-parfum-spray.html)\nPZN: 17157941\nSpray, 50 ml, NUXE GmbH\nSpray, 50 ml, NUXE GmbH\nPflichtangaben\n50,57 \u20ac\n(1011,40 \u20ac/1 l)\nz.Zt. nicht verf\u00fcgbar\n[Jimmyjimmy Choo Illicit EDP Spray](https://www.aponeo.de/08031325-jimmy-choo-illicit-edp-spray.html)\nPZN: 08031325\n60 ml, PARFUMS JIMMY CHOO INTERPARFUMS\n60 ml, PARFUMS JIMMY CHOO INTERPARFUMS\nPflichtangaben\n41,29 \u20ac\n(688,17 \u20ac/1 l)\nz.Zt. nicht verf\u00fcgbar\n[Diesel Only The Brave Pour Homme Edt Spray](https://www.aponeo.de/08031322-diesel-only-the-brave-pour-homme-edt-spray.html)\nPZN: 08031322\n35 ml, DIESEL PARFUMS\n35 ml, DIESEL PARFUMS\nPflichtangaben\n31,49 \u20ac\n(899,71 \u20ac/1 l)\nz.Zt. nicht verf\u00fcgbar\n[Nuxe Digital Bundle Floral](https://www.aponeo.de/18023651-nuxe-digital-bundle-floral.html)\nPZN: 18023651\nKombipackung, 1 P, NUXE GmbH\nKombipackung, 1 P, NUXE GmbH\nPflichtangaben\n23,24 \u20ac\nz.Zt. nicht verf\u00fcgbar\n[Caudalie The des Vignes Set](https://www.aponeo.de/08031364-caudalie-the-des-vignes-set.html)\nPZN: 08031364\n1 St, Caudalie Deutschland GmbH\n1 St, Caudalie Deutschland GmbH\nPflichtangaben\n19,90 \u20ac\nz.Zt. nicht verf\u00fcgbar\n[Caudalie Soleil de Vignes Eau Fraiche](https://www.aponeo.de/08031171-caudalie-soleil-de-vignes-eau-fraiche.html)\nPZN: 08031171\n50 ml, Caudalie Deutschland GmbH\n50 ml, Caudalie Deutschland GmbH\nPflichtangaben\n19,49 \u20ac\n(389,80 \u20ac/1 l)\nz.Zt. nicht verf\u00fcgbar\n[Iceberg Twice Pour Femme Edt Spray](https://www.aponeo.de/08031324-iceberg-twice-pour-femme-edt-spray.html)\nPZN: 08031324\n100 ml, MORRIS\n100 ml, MORRIS\nPflichtangaben\n15,89 \u20ac\n(158,90 \u20ac/1 l)\nz.Zt. nicht verf\u00fcgbar\n[Caudalie Eau fraiche Eau des vignes Spray](https://www.aponeo.de/18021178-caudalie-eau-fraiche-eau-des-vignes-spray.html)\nPZN: 18021178\nSpray, 50 ml, Caudalie Deutschland GmbH\nSpray, 50 ml, Caudalie Deutschland GmbH\nPflichtangaben\n23,37 \u20ac\n(467,40 \u20ac/1 l)\nz.Zt. nicht verf\u00fcgbar\n[Caudalie Eau de Parfum Ange des Vignes Spray](https://www.aponeo.de/18502972-caudalie-eau-de-parfum-ange-des-vignes-spray.html)\nPZN: 18502972\nSpray, 50 ml, Caudalie Deutschland GmbH\nSpray, 50 ml, Caudalie Deutschland GmbH\nPflichtangaben\n27,96 \u20ac\n(559,20 \u20ac/1 l)\nz.Zt. nicht verf\u00fcgbar", "language": null, "image": "https://cdn-img.aponeo.de/layout/aponeo_logo_1500x1500.jpg", "pagetype": "website", "links": ["#", "#", "/topseller.html", "/neuheiten.html", "#", "#", "/arzneimittel/", "/arzneimittel/antiallergikum/", "/arzneimittel/haut/", "/arzneimittel/herz-kreislauf-venen/", "/arzneimittel/augentropfen/", "/arzneimittel/erkaeltung/", "/arzneimittel/haare-naegel/", "/arzneimittel/hyaluronspritzen/", "/arzneimittel/insektenschutz/", "/arzneimittel/kinder-saeuglinge/", "/arzneimittel/leber-galle/", "/arzneimittel/lokalanaesthetika/", "/arzneimittel/magen-darm/", "/arzneimittel/medizinische-ratgeber/", "/arzneimittel/mundhygiene/", "/arzneimittel/nasenspray/", "/arzneimittel/schlaf-nerven/", "/arzneimittel/niere-blase-prostata/", "/arzneimittel/ohrentropfen/", "/arzneimittel/pms-behandeln/", "/arzneimittel/raucherentwoehnung/", "/arzneimittel/reiseapotheke/", "/arzneimittel/reisetabletten/", "/arzneimittel/rheuma-muskeln/", "/arzneimittel/schlaftabletten/", "/arzneimittel/schmerztabletten/", "/arzneimittel/wechseljahre/", "#", "#", "/bio-genuss/", "/bio-genuss/ayurveda-produkte/", "/bio-genuss/bio-produkte/", "/bio-genuss/genuessliches/", "/bio-genuss/honig/", "/bio-genuss/saefte/", "/bio-genuss/suesses/", "/bio-genuss/tee/", "/bio-genuss/zuckerersatz/", "#", "#", "/diabetes/", "/diabetes/blutzuckermessgeraet/", "/diabetes/ernaehrung/", "/diabetes/hautpflege/", "/diabetes/insulinpens/", "/diabetes/kontrollloesungen/", "/diabetes/lanzetten-stechhilfen/", "/diabetes/medikamente/", "/diabetes/teststreifen/", "/diabetes/urinteststreifen/", "/diabetes/zubehoer/", "#", "#", "/koerperpflege-kosmetik/", "/koerperpflege-kosmetik/fuer-kinder/", "/koerperpflege-kosmetik/fuesse/", "/koerperpflege-kosmetik/gesicht/", "/koerperpflege-kosmetik/haare/", "/koerperpflege-kosmetik/haende/", "/koerperpflege-kosmetik/kontaktlinsen-pflege/", "/koerperpflege-kosmetik/koerper/", "/koerperpflege-kosmetik/make-up/", "/koerperpflege-kosmetik/maenner/", "/koerperpflege-kosmetik/naturkosmetik/", "/koerperpflege-kosmetik/sauna-massage/", "/koerperpflege-kosmetik/sonnencreme/", "/koerperpflege-kosmetik/tattoo-pflege/", "/koerperpflege-kosmetik/zahn-mundpflege/", "/koerperpflege-kosmetik/zeckenpinzetten/", "#", "#", "/liebe-erotik/", "/liebe-erotik/gleitmittel/", "/liebe-erotik/kondome/", "/liebe-erotik/natuerliche-verhuetung/", "/liebe-erotik/potenzstoerungen/", "/liebe-erotik/vaginalkugeln/", "/liebe-erotik/vibratoren-toys/", "#", "#", "/mutter-kind/", "/mutter-kind/babynahrung/", "/mutter-kind/babypflege/", "/mutter-kind/kirschkernkissen-baby/", "/mutter-kind/schnuller-flaschen/", "/mutter-kind/schwangerschaft/", "/mutter-kind/stillzubehoer/", "/mutter-kind/waermetiere/", "/mutter-kind/windeln-zubehoer/", "#", "#", "/nahrungsergaenzung/", "/nahrungsergaenzung/antioxidantien/", "/nahrungsergaenzung/apfelessig/", "/nahrungsergaenzung/augen/", "/nahrungsergaenzung/chitosan/", "/nahrungsergaenzung/chlorella-spirulina-und-algen/", "/nahrungsergaenzung/colostrum/", "/nahrungsergaenzung/diabetiker/", "/nahrungsergaenzung/frauen/", "/nahrungsergaenzung/hals-und-rachen/", "/nahrungsergaenzung/haut-haare-naegel/", "/nahrungsergaenzung/herz-kreislauf/", "/nahrungsergaenzung/hirnleistung-und-nerven/", "/nahrungsergaenzung/immunsystem/", "/nahrungsergaenzung/kinder/", "/nahrungsergaenzung/knochen-und-gelenke/", "/nahrungsergaenzung/kurkuma-kapseln/", "/nahrungsergaenzung/leber/", "/nahrungsergaenzung/magen-und-darm/", "/nahrungsergaenzung/maenner/", "/nahrungsergaenzung/melatonin/", "/nahrungsergaenzung/moringa/", "/nahrungsergaenzung/naehrstoffe/", "/nahrungsergaenzung/saeure-basenhaushalt/", "/nahrungsergaenzung/schwarzkuemmeloel/", "/nahrungsergaenzung/spermidin/", "/nahrungsergaenzung/sportler/", "/nahrungsergaenzung/vitalitaet/", "#", "#", "/natur-homoeopathie/", "/natur-homoeopathie/anthroposophie/", "/natur-homoeopathie/aromatherapie/", "/natur-homoeopathie/bachblueten/", "/natur-homoeopathie/baldrian/", "/natur-homoeopathie/detox/", "/natur-homoeopathie/eichenrinde/", "/natur-homoeopathie/einzelmittel/", "/natur-homoeopathie/essigsaure-tonerde/", "/natur-homoeopathie/flohsamenschalen/", "/natur-homoeopathie/gemmo-therapie/", "/natur-homoeopathie/globuli-a-z/", "/natur-homoeopathie/goji-beeren/", "/natur-homoeopathie/grapefruitkernextrakt/", "/natur-homoeopathie/gruenteeextrakt/", "/natur-homoeopathie/hagebuttenpulver/", "/natur-homoeopathie/heilerde/", "/natur-homoeopathie/homoeopathische-hausapotheken/", "/natur-homoeopathie/komplexmittel/", "/natur-homoeopathie/lm-q-potenzen/", "/natur-homoeopathie/mistelpraeparate/", "/natur-homoeopathie/schuessler-salze/", "/natur-homoeopathie/schwedenbitter/", "/natur-homoeopathie/spenglersan/", "/natur-homoeopathie/taschenapotheken-und-sets/", "/natur-homoeopathie/urtinkturen-spagyrik/", "/natur-homoeopathie/vitalpilze/", "/natur-homoeopathie/weihrauch/", "#", "#", "/sanitaetshaus/", "/sanitaetshaus/corona-schnelltest/", "/sanitaetshaus/desinfektionsmittel/", "/sanitaetshaus/erste-hilfe/", "/sanitaetshaus/frauenhygiene/", "/sanitaetshaus/handschuhe/", "/sanitaetshaus/inkontinenz/", "/sanitaetshaus/kaelte-waermetherapie/", "/sanitaetshaus/kochsalzloesung/", "/sanitaetshaus/medizinische-geraete/", "/sanitaetshaus/medizinische-tests/", "/sanitaetshaus/medizinischer-sauerstoff/", "/sanitaetshaus/mundschutz/", "/sanitaetshaus/ohrstoepsel/", "/sanitaetshaus/pflaster/", "/sanitaetshaus/pflege-zuhaus/", "/sanitaetshaus/spritzen-kanuelen/", "/sanitaetshaus/stoffmasken/", "/sanitaetshaus/struempfe/", "/sanitaetshaus/verbandsmaterial/", "/sanitaetshaus/zehenschutz/", "#", "#", "/sport-fitness/", "/sport-fitness/abnehmmittel/", "/sport-fitness/bandagen-schienen/", "/sport-fitness/fitnessgeraete/", "/sport-fitness/aufbaupraeparate/", "/sport-fitness/pflege-massage/", "/sport-fitness/powerdrinks-riegel/", "#", "#", "/tierbedarf/", "/tierbedarf/hund/", "/tierbedarf/katze/", "/tierbedarf/nager/", "/tierbedarf/homoeopathie-tiere/", "/tierbedarf/pferde/", "/tierbedarf/produkte-fuer-bienenvoelker/", "/tierbedarf/produkte-fuer-brieftauben/", "/tierbedarf/rinder/", "#", "#", "/vitamine-mineralstoffe/", "/vitamine-mineralstoffe/calcium/", "/vitamine-mineralstoffe/chrom-tabletten/", "/vitamine-mineralstoffe/eisen/", "/vitamine-mineralstoffe/jodtabletten/", "/vitamine-mineralstoffe/kalium/", "/vitamine-mineralstoffe/kieselerde/", "/vitamine-mineralstoffe/kupfer/", "/vitamine-mineralstoffe/magnesium/", "/vitamine-mineralstoffe/multivitamine/", "/vitamine-mineralstoffe/selen/", "/vitamine-mineralstoffe/vitamin-a/", "/vitamine-mineralstoffe/vitamin-b/", "/vitamine-mineralstoffe/thiamin/", "/vitamine-mineralstoffe/vitamin-b12/", "/vitamine-mineralstoffe/riboflavin/", "/vitamine-mineralstoffe/niacin/", "/vitamine-mineralstoffe/pantothensaeure/", "/vitamine-mineralstoffe/vitamin-b6/", "/vitamine-mineralstoffe/biotin/", "/vitamine-mineralstoffe/folsaeure/", "/vitamine-mineralstoffe/vitamin-c/", "/vitamine-mineralstoffe/vitamin-d/", "/vitamine-mineralstoffe/vitamin-e/", "/vitamine-mineralstoffe/vitamin-k/", "/vitamine-mineralstoffe/zink/", "#", "#", "/markenshops/", "/markenshops/atida/", "/markenshops/1a-pharma/", "/markenshops/avene/", "/markenshops/caudalie/", "/markenshops/crataegutt/", "/markenshops/dhu-schuessler-salze/", "/markenshops/doppelherz/", "/markenshops/eucerin/", "/markenshops/la-roche-posay/", "/markenshops/physiogel/", "/markenshops/prostagutt/", "/markenshops/tebonin/", "/markenshops/umckaloabo/", "/markenshops/vichy/", "/tierbedarf/", "#", "#", null, null, null, null, null, null, null, null, "/kundenbereich/bonusprogramm/", "#", "#", "/services/wechselwirkungscheck.html", "/services/diabetes-test.html", "/services/bmi-rechner.html", "/hilfe/", "/informationen/service-und-hilfe/", "/ratgeber/", "#", "#", "/rezept-einloesen/", "/rezept-einloesen/", null, "/hilfe/rezepte/wie-bestelle-ich-rezeptpflichtige-medikamente/", "/hilfe/rezepte/worauf-muss-ich-bei-rezepten-achten/", "/angebote.html", "/kundenbereich/", "/kundenbereich/merkzettel/", "/informationen/service-und-hilfe/", "#", "tel:+49 30 622 000 10", "/informationen/service-und-hilfe/kontaktformular/", "https://www.aponeo.de/", "#", "/informationen/service-und-hilfe/", "/hilfe/", "/kundenbereich/", "/passwort-vergessen/", "/kundenbereich/", "/registrieren/", "/kundenbereich/merkzettel/", "/warenkorb/", "/produkte/", "/topseller.html", "/neuheiten.html", "/arzneimittel/", "/bio-genuss/", "/diabetes/", "/koerperpflege-kosmetik/", "/liebe-erotik/", "/mutter-kind/", "/nahrungsergaenzung/", "/natur-homoeopathie/", "/sanitaetshaus/", "/sport-fitness/", "/tierbedarf/", "/vitamine-mineralstoffe/", "/markenshops/", null, "/arzneimittel/antiallergikum/", "/arzneimittel/haut/", "/arzneimittel/herz-kreislauf-venen/", "/arzneimittel/augentropfen/", "/arzneimittel/erkaeltung/", "/arzneimittel/haare-naegel/", "/arzneimittel/hyaluronspritzen/", "/arzneimittel/insektenschutz/", "/arzneimittel/kinder-saeuglinge/", "/arzneimittel/leber-galle/", "/arzneimittel/lokalanaesthetika/", "/arzneimittel/magen-darm/", "/arzneimittel/medizinische-ratgeber/", "/arzneimittel/mundhygiene/", "/arzneimittel/nasenspray/", "/arzneimittel/schlaf-nerven/", "/arzneimittel/niere-blase-prostata/", "/arzneimittel/ohrentropfen/", "/arzneimittel/pms-behandeln/", "/arzneimittel/raucherentwoehnung/", "/arzneimittel/reiseapotheke/", "/arzneimittel/reisetabletten/", "/arzneimittel/rheuma-muskeln/", "/arzneimittel/schlaftabletten/", "/arzneimittel/schmerztabletten/", "/arzneimittel/wechseljahre/", "https://www.aponeo.de/06680881-ginkobil-ratiopharm-120-mg-filmtabletten.html", "/ratgeber/das-immunsystem.html", "/ratgeber/erkaeltung-kindererkrankungen.html", "/ratgeber/husten.html", "/ratgeber/kosmetik-und-wellness.html", "/ratgeber/rueckenschmerzen.html", null, "/bio-genuss/ayurveda-produkte/", "/bio-genuss/bio-produkte/", "/bio-genuss/genuessliches/", "/bio-genuss/honig/", "/bio-genuss/saefte/", "/bio-genuss/suesses/", "/bio-genuss/tee/", "/bio-genuss/zuckerersatz/", "https://www.aponeo.de/suche/?s=17924783_17924760_17924748_17924754_17924777", "/ratgeber/gluten.html", "/ratgeber/kleine-teekunde.html", "/ratgeber/ausgewogene-ernaehrung-als-basis.html", null, "/diabetes/blutzuckermessgeraet/", "/diabetes/ernaehrung/", "/diabetes/hautpflege/", "/diabetes/insulinpens/", "/diabetes/kontrollloesungen/", "/diabetes/lanzetten-stechhilfen/", "/diabetes/medikamente/", "/diabetes/teststreifen/", "/diabetes/urinteststreifen/", "/diabetes/zubehoer/", "/ratgeber/30-minuten-spazieren-taeglich-schuetzen.html", "/ratgeber/diabetes-mellitus-typ-1-bei-kindern.html", "/ratgeber/ueberzuckerung-und-unterzuckerung-erste-hilfe.html", "/ratgeber/schwangerschaft-und-diabetes.html", null, "/koerperpflege-kosmetik/fuer-kinder/", "/koerperpflege-kosmetik/fuesse/", "/koerperpflege-kosmetik/gesicht/", "/koerperpflege-kosmetik/haare/", "/koerperpflege-kosmetik/haende/", "/koerperpflege-kosmetik/kontaktlinsen-pflege/", "/koerperpflege-kosmetik/koerper/", "/koerperpflege-kosmetik/make-up/", "/koerperpflege-kosmetik/maenner/", "/koerperpflege-kosmetik/naturkosmetik/", "/koerperpflege-kosmetik/sauna-massage/", "/koerperpflege-kosmetik/sonnencreme/", "/koerperpflege-kosmetik/tattoo-pflege/", "/koerperpflege-kosmetik/zahn-mundpflege/", "/koerperpflege-kosmetik/zeckenpinzetten/", "https://www.aponeo.de/ideen/sonnenschutz/", "/ratgeber/mundhygiene.html", "/ratgeber/jojoba-der-beauty-profi.html", "/ratgeber/kosmetik-und-wellness.html", null, "/liebe-erotik/gleitmittel/", "/liebe-erotik/kondome/", "/liebe-erotik/natuerliche-verhuetung/", "/liebe-erotik/potenzstoerungen/", "/liebe-erotik/vaginalkugeln/", "/liebe-erotik/vibratoren-toys/", "/ratgeber/erektile-dysfunktion.html", "/ratgeber/impotenz.html", "/ratgeber/schlafstoerungen-erkennen-richtig-behandeln.html", null, "/mutter-kind/babynahrung/", "/mutter-kind/babypflege/", "/mutter-kind/kirschkernkissen-baby/", "/mutter-kind/schnuller-flaschen/", "/mutter-kind/schwangerschaft/", "/mutter-kind/stillzubehoer/", "/mutter-kind/waermetiere/", "/mutter-kind/windeln-zubehoer/", "/ratgeber/erkaeltung-kindererkrankungen.html", "/ratgeber/kinder-ernaehrung.html", "/ratgeber/fluessigkeitshaushalt-kinder.html", "/ratgeber/masern-kindererkrankungen.html", null, "/nahrungsergaenzung/antioxidantien/", "/nahrungsergaenzung/apfelessig/", "/nahrungsergaenzung/augen/", "/nahrungsergaenzung/chitosan/", "/nahrungsergaenzung/chlorella-spirulina-und-algen/", "/nahrungsergaenzung/colostrum/", "/nahrungsergaenzung/diabetiker/", "/nahrungsergaenzung/frauen/", "/nahrungsergaenzung/hals-und-rachen/", "/nahrungsergaenzung/haut-haare-naegel/", "/nahrungsergaenzung/herz-kreislauf/", "/nahrungsergaenzung/hirnleistung-und-nerven/", "/nahrungsergaenzung/immunsystem/", "/nahrungsergaenzung/kinder/", "/nahrungsergaenzung/knochen-und-gelenke/", "/nahrungsergaenzung/kurkuma-kapseln/", "/nahrungsergaenzung/leber/", "/nahrungsergaenzung/magen-und-darm/", "/nahrungsergaenzung/maenner/", "/nahrungsergaenzung/melatonin/", "/nahrungsergaenzung/moringa/", "/nahrungsergaenzung/naehrstoffe/", "/nahrungsergaenzung/saeure-basenhaushalt/", "/nahrungsergaenzung/schwarzkuemmeloel/", "/nahrungsergaenzung/spermidin/", "/nahrungsergaenzung/sportler/", "/nahrungsergaenzung/vitalitaet/", "/ratgeber/eisenmangel.html", "/ratgeber/laktoseintoleranz.html", "/ratgeber/zink.html", "/ratgeber/zoeliakie.html", null, "/natur-homoeopathie/anthroposophie/", "/natur-homoeopathie/aromatherapie/", "/natur-homoeopathie/bachblueten/", "/natur-homoeopathie/baldrian/", "/natur-homoeopathie/detox/", "/natur-homoeopathie/eichenrinde/", "/natur-homoeopathie/einzelmittel/", "/natur-homoeopathie/essigsaure-tonerde/", "/natur-homoeopathie/flohsamenschalen/", "/natur-homoeopathie/gemmo-therapie/", "/natur-homoeopathie/globuli-a-z/", "/natur-homoeopathie/goji-beeren/", "/natur-homoeopathie/grapefruitkernextrakt/", "/natur-homoeopathie/gruenteeextrakt/", "/natur-homoeopathie/hagebuttenpulver/", "/natur-homoeopathie/heilerde/", "/natur-homoeopathie/homoeopathische-hausapotheken/", "/natur-homoeopathie/komplexmittel/", "/natur-homoeopathie/lm-q-potenzen/", "/natur-homoeopathie/mistelpraeparate/", "/natur-homoeopathie/schuessler-salze/", "/natur-homoeopathie/schwedenbitter/", "/natur-homoeopathie/spenglersan/", "/natur-homoeopathie/taschenapotheken-und-sets/", "/natur-homoeopathie/urtinkturen-spagyrik/", "/natur-homoeopathie/vitalpilze/", "/natur-homoeopathie/weihrauch/", "/ratgeber/husten.html", "/ratgeber/homoeopathische-sommer-und-reiseapotheke.html", "/ratgeber/aconitum.html", null, "/sanitaetshaus/corona-schnelltest/", "/sanitaetshaus/desinfektionsmittel/", "/sanitaetshaus/erste-hilfe/", "/sanitaetshaus/frauenhygiene/", "/sanitaetshaus/handschuhe/", "/sanitaetshaus/inkontinenz/", "/sanitaetshaus/kaelte-waermetherapie/", "/sanitaetshaus/kochsalzloesung/", "/sanitaetshaus/medizinische-geraete/", "/sanitaetshaus/medizinische-tests/", "/sanitaetshaus/medizinischer-sauerstoff/", "/sanitaetshaus/mundschutz/", "/sanitaetshaus/ohrstoepsel/", "/sanitaetshaus/pflaster/", "/sanitaetshaus/pflege-zuhaus/", "/sanitaetshaus/spritzen-kanuelen/", "/sanitaetshaus/stoffmasken/", "/sanitaetshaus/struempfe/", "/sanitaetshaus/verbandsmaterial/", "/sanitaetshaus/zehenschutz/", "/ratgeber/wundversorgung-erste-hilfe.html", "/ratgeber/hausapotheke.html", "/ratgeber/wiederbelebungsmassnahmen-erste-hilfe-am-unfa.html", null, "/sport-fitness/abnehmmittel/", "/sport-fitness/bandagen-schienen/", "/sport-fitness/fitnessgeraete/", "/sport-fitness/aufbaupraeparate/", "/sport-fitness/pflege-massage/", "/sport-fitness/powerdrinks-riegel/", "/ratgeber/vom-ersten-schritt-zum-marathon.html", null, "/tierbedarf/hund/", "/tierbedarf/katze/", "/tierbedarf/nager/", "/tierbedarf/homoeopathie-tiere/", "/tierbedarf/pferde/", "/tierbedarf/produkte-fuer-bienenvoelker/", "/tierbedarf/produkte-fuer-brieftauben/", "/tierbedarf/rinder/", null, "/vitamine-mineralstoffe/calcium/", "/vitamine-mineralstoffe/chrom-tabletten/", "/vitamine-mineralstoffe/eisen/", "/vitamine-mineralstoffe/jodtabletten/", "/vitamine-mineralstoffe/kalium/", "/vitamine-mineralstoffe/kieselerde/", "/vitamine-mineralstoffe/kupfer/", "/vitamine-mineralstoffe/magnesium/", "/vitamine-mineralstoffe/multivitamine/", "/vitamine-mineralstoffe/selen/", "/vitamine-mineralstoffe/vitamin-a/", "/vitamine-mineralstoffe/vitamin-b/", "/vitamine-mineralstoffe/thiamin/", "/vitamine-mineralstoffe/vitamin-b12/", "/vitamine-mineralstoffe/riboflavin/", "/vitamine-mineralstoffe/niacin/", "/vitamine-mineralstoffe/pantothensaeure/", "/vitamine-mineralstoffe/vitamin-b6/", "/vitamine-mineralstoffe/biotin/", "/vitamine-mineralstoffe/folsaeure/", "/vitamine-mineralstoffe/vitamin-c/", "/vitamine-mineralstoffe/vitamin-d/", "/vitamine-mineralstoffe/vitamin-e/", "/vitamine-mineralstoffe/vitamin-k/", "/vitamine-mineralstoffe/zink/", "https://www.aponeo.de/vitamine-mineralstoffe/vitamin-c/", "/ratgeber/eisenmangel.html", "/ratgeber/zink.html", "/ratgeber/wadenkraempfe.html", "/markenshops/", "/markenshops/atida/", "/markenshops/1a-pharma/", "/markenshops/avene/", "/markenshops/caudalie/", "/markenshops/crataegutt/", "/markenshops/dhu-schuessler-salze/", "/markenshops/doppelherz/", "/markenshops/eucerin/", "/markenshops/la-roche-posay/", "/markenshops/physiogel/", "/markenshops/prostagutt/", "/markenshops/tebonin/", "/markenshops/umckaloabo/", "/markenshops/vichy/", "/markenshops/atida/atida-kosmetik/", "/markenshops/atida/medizinprodukte/", "/markenshops/atida/atida-zahnpflege/", "/markenshops/1a-pharma/1a-reiseapotheke/", "/markenshops/1a-pharma/allergieundheuschnupfen/", "/markenshops/1a-pharma/hautpilzundlippenherpes/", "/markenshops/1a-pharma/hustenunderkaeltung/", "/markenshops/1a-pharma/magenunddarm/", "/markenshops/1a-pharma/mentale-gesundheit/", "/markenshops/1a-pharma/schmerz/", "/markenshops/1a-pharma/thromboseschutz/", "/markenshops/avene/anti-aging/", "/markenshops/avene/dermatologisches-make-up/", "/markenshops/avene/neurodermitis/", "/markenshops/avene/pflege-fuer-ueberempfindliche-haut/", "/markenshops/avene/roetungen/", "/markenshops/avene/sonnenschutz/", "/markenshops/avene/trockene-haut/", "/markenshops/avene/unreine-haut/", "/markenshops/avene/wundpflege/", "/markenshops/caudalie/vinoperfect/", "/markenshops/caudalie/koerperpflege/", "/markenshops/avene/pflege-fuer-ueberempfindliche-haut/", "https://www.aponeo.de/markenshops/crataegutt/", "https://www.aponeo.de/14064535-crataegutt-450-mg-herz-kreislauf-tabletten.html", "https://www.aponeo.de/11885622-crataegutt-herz-kreislauf-tropfen.html", "/markenshops/dhu-schuessler-salze/globuli/", "/markenshops/dhu-schuessler-salze/salben/", "/markenshops/dhu-schuessler-salze/sets-und-kuren/", "/markenshops/dhu-schuessler-salze/tabletten/", "https://www.aponeo.de/markenshops/doppelherz/", "https://www.aponeo.de/17268563-minoxidil-doppelherzphar-50mg-ml-lsg-anw-haut-mann.html", "https://www.aponeo.de/17268557-minoxidil-doppelherzphar-20mg-ml-lsg-anw-haut-frau.html", "/markenshops/eucerin/allergie/", "/markenshops/eucerin/anti-age/", "/markenshops/eucerin/empfindliche-haut/", "/markenshops/eucerin/feuchtigkeitspflege/", "/markenshops/eucerin/gesichtsreinigung/", "/markenshops/eucerin/kopfhaut-und-haar/", "/markenshops/eucerin/neurodermitis/", "/markenshops/eucerin/pigmentflecken/", "/markenshops/eucerin/sonnenschutz/", "/markenshops/eucerin/trockene-haut/", "/markenshops/eucerin/unreine-haut/", "https://www.aponeo.de/markenshops/physiogel/", "https://www.aponeo.de/04357472-physiogel-calming-relief-a-i-creme.html", "https://www.aponeo.de/04362705-physiogel-scalp-care-mildes-shampoo.html", "https://www.aponeo.de/markenshops/prostagutt/", "https://www.aponeo.de/16151764-prostagutt-duo-160-mg-120-mg-weichkapseln.html", "https://www.aponeo.de/16151770-prostagutt-duo-160-mg-120-mg-weichkapseln.html", "https://www.aponeo.de/markenshops/tebonin/", "https://www.aponeo.de/07752045-tebonin-konzent-240-mg-filmtabletten.html", "https://www.aponeo.de/03379106-tebonin-intens-120-mg-filmtabletten.html", "https://www.aponeo.de/markenshops/umckaloabo/", "https://www.aponeo.de/01062049-umckaloabo-fluessig.html", "https://www.aponeo.de/00148843-umckaloabo-20-mg-filmtabletten.html", "/markenshops/vichy/anti-age-fuer-reife-haut/", "/markenshops/vichy/anti-age-und-straffheit/", "/markenshops/vichy/deodorant/", "/markenshops/vichy/mineral-89/", null, null, null, null, null, null, null, null, null, null, "https://www.aponeo.de/14352754-keltican-forte-kapseln.html", "https://www.aponeo.de/14352754-keltican-forte-kapseln.html", "https://www.aponeo.de/14352754-keltican-forte-kapseln.html", "https://www.aponeo.de/14352754-keltican-forte-kapseln.html", "https://www.aponeo.de/14352754-keltican-forte-kapseln.html", "https://www.aponeo.de/14352754-keltican-forte-kapseln.html", "https://www.aponeo.de/14352754-keltican-forte-kapseln.html", "https://www.aponeo.de/14352754-keltican-forte-kapseln.html", "/kundenbereich/bonusprogramm/", "/services/", "/services/wechselwirkungscheck.html", "/services/diabetes-test.html", "/services/bmi-rechner.html", "/hilfe/", "/informationen/service-und-hilfe/", "/ratgeber/", "/ratgeber/", "/ratgeber/heuschnupfen-wenn-pollen-im-anflug-sind.html", "/ratgeber/sonnenallergie.html", "/ratgeber/grippaler-infekt.html", "/ratgeber/rueckenschmerzen.html", "/ratgeber/nackenschmerzen.html", "/ratgeber/kopfschmerzen.html", "/ratgeber/blasenentzuendung.html", "/ratgeber/fusspilz.html", "/ratgeber/wadenkraempfe.html", "/ratgeber/sodbrennen.html", "https://www.aponeo.de/ratgeber/heuschnupfen-wenn-pollen-im-anflug-sind.html#l", "https://www.aponeo.de/ratgeber/heuschnupfen-wenn-pollen-im-anflug-sind.html#2", "https://www.aponeo.de/ratgeber/heuschnupfen-wenn-pollen-im-anflug-sind.html#3", "https://www.aponeo.de/ratgeber/heuschnupfen-wenn-pollen-im-anflug-sind.html#4", "https://www.aponeo.de/ratgeber/sonnenallergie.html#l", "https://www.aponeo.de/ratgeber/sonnenallergie.html#2", "https://www.aponeo.de/ratgeber/sonnenallergie.html#3", "https://www.aponeo.de/ratgeber/sonnenallergie.html#4", "https://www.aponeo.de/ratgeber/sonnenallergie.html#5", "https://www.aponeo.de/ratgeber/grippaler-infekt.html#allgemein", "https://www.aponeo.de/ratgeber/grippaler-infekt.html#dauer", "https://www.aponeo.de/ratgeber/grippaler-infekt.html#symptome", "https://www.aponeo.de/ratgeber/grippaler-infekt.html#inkubationszeit", "https://www.aponeo.de/ratgeber/rueckenschmerzen.html#anatomie", "https://www.aponeo.de/ratgeber/rueckenschmerzen.html#unten", "https://www.aponeo.de/ratgeber/rueckenschmerzen.html#mitte", "https://www.aponeo.de/ratgeber/rueckenschmerzen.html#oben", "https://www.aponeo.de/ratgeber/rueckenschmerzen.html#wastun", "https://www.aponeo.de/ratgeber/rueckenschmerzen.html#stark", "https://www.aponeo.de/ratgeber/rueckenschmerzen.html#liste", "https://www.aponeo.de/ratgeber/rueckenschmerzen.html#fazit", "https://www.aponeo.de/ratgeber/nackenschmerzen.html#entstehen", "https://www.aponeo.de/ratgeber/nackenschmerzen.html#uebungen", "https://www.aponeo.de/ratgeber/nackenschmerzen.html#vermeiden", "https://www.aponeo.de/ratgeber/nackenschmerzen.html#therapien", "https://www.aponeo.de/ratgeber/nackenschmerzen.html#zusammenhang", "https://www.aponeo.de/ratgeber/nackenschmerzen.html#wastun", "https://www.aponeo.de/ratgeber/nackenschmerzen.html#achtung", "https://www.aponeo.de/ratgeber/nackenschmerzen.html#fazit", "https://www.aponeo.de/ratgeber/kopfschmerzen.html#l", "https://www.aponeo.de/ratgeber/kopfschmerzen.html#2", "https://www.aponeo.de/ratgeber/kopfschmerzen.html#3", "https://www.aponeo.de/ratgeber/blasenentzuendung.html#symptome", "https://www.aponeo.de/ratgeber/blasenentzuendung.html#hausmittel", "https://www.aponeo.de/ratgeber/blasenentzuendung.html#anti", "https://www.aponeo.de/ratgeber/blasenentzuendung.html#mann", "https://www.aponeo.de/ratgeber/blasenentzuendung.html#wastun", "https://www.aponeo.de/ratgeber/blasenentzuendung.html#vorbeugen", "https://www.aponeo.de/ratgeber/fusspilz.html#hausmittel", "https://www.aponeo.de/ratgeber/fusspilz.html#behandeln", "https://www.aponeo.de/ratgeber/fusspilz.html#bilder", "https://www.aponeo.de/ratgeber/fusspilz.html#wastun", "https://www.aponeo.de/ratgeber/fusspilz.html#symptome", "https://www.aponeo.de/ratgeber/fusspilz.html#fazit", "https://www.aponeo.de/ratgeber/wadenkraempfe.html#wadenkraempfe", "https://www.aponeo.de/ratgeber/wadenkraempfe.html#nachts", "https://www.aponeo.de/ratgeber/wadenkraempfe.html#ursachen", "https://www.aponeo.de/ratgeber/wadenkraempfe.html#schwangerschaft", "https://www.aponeo.de/ratgeber/wadenkraempfe.html#magnesium", "https://www.aponeo.de/ratgeber/wadenkraempfe.html#schmerzen", "https://www.aponeo.de/ratgeber/sodbrennen.html#washilft", "https://www.aponeo.de/ratgeber/sodbrennen.html#1.2", "https://www.aponeo.de/ratgeber/sodbrennen.html#symptome", "https://www.aponeo.de/ratgeber/sodbrennen.html#ursachen", "https://www.aponeo.de/ratgeber/sodbrennen.html#3.1", "https://www.aponeo.de/ratgeber/sodbrennen.html#fazit", "/rezept-einloesen/", "/rezept-einloesen/", null, "/hilfe/rezepte/wie-bestelle-ich-rezeptpflichtige-medikamente/", "/hilfe/rezepte/worauf-muss-ich-bei-rezepten-achten/", "/rezept-einloesen/", "/rezept-einloesen/", "/rezept-einloesen/", "/rezept-einloesen/", "/angebote.html", "#", "intent://#Intent;scheme=aponeo;package=com.aponeo.app;S.browser_fallback_url=https%3A%2F%2Fplay.google.com%2Fstore%2Fapps%2Fdetails%3Fid%3Dcom.aponeo.app;end", "/warenkorb/", "/produkte/", "/natur-homoeopathie/", "/natur-homoeopathie/aromatherapie/", "https://www.aponeo.de/natur-homoeopathie/aromatherapie/aromabad/", "https://www.aponeo.de/natur-homoeopathie/aromatherapie/duefte/", "https://www.aponeo.de/natur-homoeopathie/aromatherapie/aetherische-oele-duftoele/", "https://www.aponeo.de/natur-homoeopathie/aromatherapie/duftlampen/", "https://www.aponeo.de/natur-homoeopathie/aromatherapie/duftset/", "https://www.aponeo.de/natur-homoeopathie/aromatherapie/duftsteine/", "https://www.aponeo.de/natur-homoeopathie/aromatherapie/dufttuecher/", "https://www.aponeo.de/natur-homoeopathie/aromatherapie/massageoele/", "https://www.aponeo.de/natur-homoeopathie/aromatherapie/parfuem/", "https://www.aponeo.de/natur-homoeopathie/aromatherapie/raumspray/", "https://www.aponeo.de/natur-homoeopathie/aromatherapie/roll-ons/", "https://www.aponeo.de/", "/produkte/", "/natur-homoeopathie/", "/natur-homoeopathie/aromatherapie/", "#", "https://www.aponeo.de/natur-homoeopathie/aromatherapie/aromabad/", "https://www.aponeo.de/natur-homoeopathie/aromatherapie/duefte/", "https://www.aponeo.de/natur-homoeopathie/aromatherapie/aetherische-oele-duftoele/", "https://www.aponeo.de/natur-homoeopathie/aromatherapie/duftlampen/", "https://www.aponeo.de/natur-homoeopathie/aromatherapie/duftset/", "https://www.aponeo.de/natur-homoeopathie/aromatherapie/duftsteine/", "https://www.aponeo.de/natur-homoeopathie/aromatherapie/dufttuecher/", "https://www.aponeo.de/natur-homoeopathie/aromatherapie/massageoele/", "https://www.aponeo.de/natur-homoeopathie/aromatherapie/parfuem/", "https://www.aponeo.de/natur-homoeopathie/aromatherapie/raumspray/", "https://www.aponeo.de/natur-homoeopathie/aromatherapie/roll-ons/", null, null, null, null, null, "javascript:;", "javascript:void(0);", null, null, null, null, "https://www.aponeo.de/18021155-caudalie-eau-fraiche-the-des-vignes-spray.html", "https://www.aponeo.de/09647660-speick-men-eau-de-toilette.html", "https://www.aponeo.de/18021132-caudalie-eau-fraiche-fleur-de-vigne-spray.html", "https://www.aponeo.de/17157898-nuxe-reve-de-the-duftspray.html", "https://www.aponeo.de/02838090-mytao-mein-bioparfum-drei.html", "https://www.aponeo.de/18021184-caudalie-eau-fraiche-soleil-des-vignes-spray.html", "https://www.aponeo.de/18021161-caudalie-eau-fraiche-rose-de-vigne-spray.html", "https://www.aponeo.de/09930723-mytao-mein-bioparfum-eins.html", "https://www.aponeo.de/10964466-speick-natural-eau-de-cologne-fresh.html", "https://www.aponeo.de/02837765-mytao-mein-bioparfum-fuenf.html", "https://www.aponeo.de/18021149-caudalie-eau-fraiche-the-des-vignes-spray.html", "https://www.aponeo.de/05026085-zerstaeuber-glas-50-ml-weiss.html", "https://www.aponeo.de/02837908-mytao-mein-bioparfum-vier.html", "https://www.aponeo.de/00165474-flakon-sprueher-glas-15-ml.html", "https://www.aponeo.de/01384787-zerstaeuber-weiss-250-ml.html", "https://www.aponeo.de/18173540-nuxe-geschenkset-prodigieux.html", "https://www.aponeo.de/18173534-nuxe-geschenkset-prodigieux-floral.html", "https://www.aponeo.de/10989354-nuxe-prodigieux-le-parfum-spray.html", "https://www.aponeo.de/17157941-nuxe-prodigieux-floral-parfum-spray.html", "https://www.aponeo.de/08031325-jimmy-choo-illicit-edp-spray.html", "https://www.aponeo.de/08031322-diesel-only-the-brave-pour-homme-edt-spray.html", "https://www.aponeo.de/18023651-nuxe-digital-bundle-floral.html", "https://www.aponeo.de/08031364-caudalie-the-des-vignes-set.html", "https://www.aponeo.de/08031171-caudalie-soleil-de-vignes-eau-fraiche.html", "https://www.aponeo.de/08031324-iceberg-twice-pour-femme-edt-spray.html", "https://www.aponeo.de/18021178-caudalie-eau-fraiche-eau-des-vignes-spray.html", "https://www.aponeo.de/18502972-caudalie-eau-de-parfum-ange-des-vignes-spray.html", "#", null, null, null, "/informationen/ueber-uns/sicherheit-und-auszeichnungen/", "https://ehi-siegel.de/verbraucher/shops-mit-siegel/zertifizierte-shops/zertifikat/c9a5286d91bc7f0fd14165f81b3140bc/", "https://versandhandel.dimdi.de/websearch/servlet/Gate?accessid=dimdi_var&term=2798857590801c4e5bbaa140ad0a81a3", "https://www.trustedshops.com/bewertung/info_X02014F69445966EB50445D40FDAC73E1.html", "https://www.bvl.bund.de/DE/Arbeitsbereiche/05_Tierarzneimittel/02_Verbraucher/07_Haendlerregister/05_Tabelle/tam_haendler_node.html#TAM-H-402", "/informationen/ueber-uns/", "/informationen/ueber-uns/heilpraktikerverzeichnis/", "/informationen/service/", "/informationen/rechtliches/", "https://www.facebook.com/aponeo", "http://twitter.com/#!/aponeo", "https://itunes.apple.com/de/app/aponeo/id1459083757?ls=1&mt=8", "https://play.google.com/store/apps/details?id=com.aponeo.app", "/kundenbereich/bonusprogramm/", "/ratgeber/rueckenschmerzen.html", "/ratgeber/durchfall-hausmittel.html", "/ratgeber/das-immunsystem.html", "/ratgeber/bryonia.html", "/02295643-abc-waerme-pflaster-capsicum-hansaplast-med-14x22.html", "/markenshops/kytta/", "/markenshops/thermacare/", "/markenshops/voltaren/", "/rezept-einloesen/e-rezept/", "/sport-fitness/aufbaupraeparate/eiweissnahrung/", "/markenshops/manuka-health/", "/nahrungsergaenzung/spermidin/", "/ideen/hallo-herbst/", "/arzneimittel/erkaeltung/", "/nahrungsergaenzung/immunsystem/", "/koerperpflege-kosmetik/koerper/trockene-sensible-haut/", "/markenshops/bepanthen/", "/18320478-elotrans-reload-elektrolyt-pulver-mit-vitaminen.html", "/vitamine-mineralstoffe/magnesium/", "/arzneimittel/schmerztabletten/", "/arzneimittel/schmerztabletten/kopfschmerztabletten/", "/sanitaetshaus/medizinische-geraete/fieberthermometer/ ", "/sanitaetshaus/pflaster/", "/arzneimittel/magen-darm/", "/informationen/rechtliches/agb/", "/informationen/rechtliches/widerrufsbelehrung/", "/informationen/rechtliches/impressum/", "/informationen/rechtliches/datenschutz/", "#"]}