{"title": "Hom\u00f6opathie Apotheke.de - Online Apotheke im Internet, g\u00fcnstige Medikamente kaufen in der Versandapotheke!", "author": "Versandapotheke apotheke de", "url": "https://www.apotheke.de/pflueger-homoeopathie-c-2390", "hostname": "apotheke.de", "description": "Hom\u00f6opathie", "sitename": "apotheke.de", "date": "2015-02-12", "id": null, "license": null, "body": null, "comments": "", "commentsbody": null, "raw_text": null, "text": "Hom\u00f6opathie\nPfl\u00fcger lebt das Konzept der Hom\u00f6opathie und stellt mit Sorgfalt hom\u00f6opathische Arzneimittel her. Die Arzneipflanzen f\u00fcr die Urtinkturen werden vom Unternehmen selbst angebaut und geerntet oder von ausgew\u00e4hlten Lieferanten bezogen. So entstehen hom\u00f6opathische Arzneimittel mit h\u00f6chster Qualit\u00e4t und einzigartige Kombinationen f\u00fcr viele verschiedene Anwendungsgebiete. In der klassischen Hom\u00f6opathie das passende Einzelmittel zu finden, gleicht einer gro\u00dfen Wissenschaft und erfordert viel Fachkenntnis.\nKomplexmittel\nDie Anwendung von hom\u00f6opathischen Komplexmitteln ist weitaus einfacher als das geeignete Einzelmittel zu finden. Dies wusste bereits Georg Pfl\u00fcger im Jahre 1929, als er seine ganze Energie in die Entwicklung von hom\u00f6opathischen Komplexmitteln steckte. Der Anspruch \u201eunsere ganze Energie f\u00fcr Hom\u00f6opathie\u201c hat auch heute noch G\u00fcltigkeit. Pfl\u00fcger bietet mehr als 130 hom\u00f6opathische Komplexmittel, von denen \u00fcber 90 % mit einem zugelassenen Anwendungsgebiet versehen sind. Hom\u00f6opathische Komplexmittel kombinieren Einzelmittel mit unterschiedlichen Angriffspunkten. So entsteht ein vielseitiger Behandlungsansatz, mit dem unterschiedliche Organe und akute Symptome erreicht werden.\nBasistherapie \u2013 Derivatio und Milchs\u00e4ure Pfl\u00fcger\u00ae\nRegulationstherapien spielen in der naturheilkundlichen Praxis eine zentrale Rolle. Sie aktivieren die Selbstheilungskr\u00e4fte des K\u00f6rpers, beseitigen die durch Gift- und Schlackenstoffe hervorgerufenen Blockaden im Gewebe und legen die Basis f\u00fcr eine erfolgreiche Anschlusstherapie. Die Kombination aus Milchs\u00e4ure Pfl\u00fcger\u00ae und Derivatio ist die Pfl\u00fcger Basistherapie. Sie setzt an den Blockaden im Gewebe an und legt die Energie-Basis f\u00fcr eine erfolgreiche Anschlusstherapie. Milchs\u00e4ure-Pfl\u00fcger dient der Regulation des Pischinger-Raumes.\nMinOral\u00ae\nPfl\u00fcger hat sein ganzes Wissen rund um die Sch\u00fc\u00dfler-Salze und hom\u00f6opathischen Arzneimittel in die Entwicklung einer passenden Zahncreme flie\u00dfen lassen. Das Ergebnis ist MinOral\u00ae, die einzige hom\u00f6opathievertr\u00e4gliche Zahncreme, die exklusiv nur in der Apotheke erh\u00e4ltlich ist. Sie enth\u00e4lt ausgesuchte Mineralstoffe in Anlehnung an die Biochemie nach Dr. Sch\u00fc\u00dfler und Xylit f\u00fcr optimalen Kariesschutz. MinOral\u00ae verzichtet bewusst auf Menthol, Silikone, Paraffine, Mineral\u00f6l sowie synthetische Duft-, Farb- und Konservierungsstoffe.\nRanocalcin\nRanocalcin, die R\u00fcckenst\u00fctze von Pfl\u00fcger, st\u00e4rkt gezielt den St\u00fctz- und Bewegungsapparat und hilft bei unspezifischen Beschwerden in R\u00fccken, Schultern und Nacken. Ranocalcin ist eine neue Therapiekategorie zur Behandlung von R\u00fcckenschmerzen und setzt bei der Ursache der Beschwerden an, indem es Knochen, Sehnen, B\u00e4nder und das fasziale Bindegewebe nachhaltig st\u00e4rkt.\n[Zur \u00dcbersicht: ](https://www.apotheke.de/a-pflueger-gmbh-co-kg-c-339)\n[A. Pfl\u00fcger GmbH & Co. KG](https://www.apotheke.de/a-pflueger-gmbh-co-kg-c-339)\n[\nHom\u00f6opathisch\n29,95*\n20,99*\n](https://www.apotheke.de/derivatio-tabletten-200stk-pzn-02782283) [\nPZN 02782283\n](https://www.apotheke.de/derivatio-tabletten-200stk-pzn-02782283) [\n](https://www.apotheke.de/derivatio-tabletten-200stk-pzn-02782283)\n- hom\u00f6opathisches Arzneimittel\n- wirken nach dem \u00c4hnlichkeitsprinzip\n- f\u00fcr eine ganzheitliche Behandlung\n- regulieren die Selbstheilungskr\u00e4fte des K\u00f6rpers\n- bei verschiedenen Krankheitsbildern einsetzbar\nBestellungen die Mo-Fr bis 16:00 Uhr eingehen verlassen in der Regel noch am selben Tag unser Haus.\nDie Lieferzeit Ihrer Bestellung richtet sich nach dem Artikel mit der l\u00e4ngsten Lieferzeitangabe.\n[\nHom\u00f6opathisch\n29,95*\n19,99*\n](https://www.apotheke.de/nervoregin-h-tabletten-200stk-pzn-05553784) [\nPZN 05553784\n](https://www.apotheke.de/nervoregin-h-tabletten-200stk-pzn-05553784) [\n](https://www.apotheke.de/nervoregin-h-tabletten-200stk-pzn-05553784)\n- hom\u00f6opathisches Arzneimittel\n- bei psychogenen Reaktionen\n- bei Einschlafst\u00f6rungen\nBestellungen die Mo-Fr bis 16:00 Uhr eingehen verlassen in der Regel noch am selben Tag unser Haus.\nDie Lieferzeit Ihrer Bestellung richtet sich nach dem Artikel mit der l\u00e4ngsten Lieferzeitangabe.\n[\nHom\u00f6opathisch\n32,80*\n25,99*\n](https://www.apotheke.de/ranocalcin-tabletten-200stk-pzn-12521514) [\nPZN 12521514\n](https://www.apotheke.de/ranocalcin-tabletten-200stk-pzn-12521514) [\n](https://www.apotheke.de/ranocalcin-tabletten-200stk-pzn-12521514)\n- hom\u00f6opathisches Arzneimittel\n- bei Schw\u00e4che von St\u00fctz-, Bindegewebe und Knochen\nBestellungen die Mo-Fr bis 16:00 Uhr eingehen verlassen in der Regel noch am selben Tag unser Haus.\nDie Lieferzeit Ihrer Bestellung richtet sich nach dem Artikel mit der l\u00e4ngsten Lieferzeitangabe.\n[\nHom\u00f6opathisch\n19,25*\n16,59*\n](https://www.apotheke.de/derivatio-tabletten-100stk-pzn-02782219) [\nPZN 02782219\n](https://www.apotheke.de/derivatio-tabletten-100stk-pzn-02782219) [\n](https://www.apotheke.de/derivatio-tabletten-100stk-pzn-02782219)\n- hom\u00f6opathisches Arzneimittel\n- wirken nach dem \u00c4hnlichkeitsprinzip\n- f\u00fcr eine ganzheitliche Behandlung\n- regulieren die Selbstheilungskr\u00e4fte des K\u00f6rpers\n- bei verschiedenen Krankheitsbildern einsetzbar\nBestellungen die Mo-Fr bis 16:00 Uhr eingehen verlassen in der Regel noch am selben Tag unser Haus.\nDie Lieferzeit Ihrer Bestellung richtet sich nach dem Artikel mit der l\u00e4ngsten Lieferzeitangabe.\n[\nHom\u00f6opathisch\n28,70*\n20,99*\n](https://www.apotheke.de/milchsaeure-pflueger-tropfen-100ml-pzn-01222406) [\nPZN 01222406\n(GP*: 209,90\u20ac/1 l)\n](https://www.apotheke.de/milchsaeure-pflueger-tropfen-100ml-pzn-01222406) [\n](https://www.apotheke.de/milchsaeure-pflueger-tropfen-100ml-pzn-01222406)\n- nur Original-Markenmedikamente\n- Bonus f\u00fcr Selbstzahler-Rezepte10)\n- Versandkostenfreie Lieferung**\nBestellungen die Mo-Fr bis 16:00 Uhr eingehen verlassen in der Regel noch am selben Tag unser Haus.\nDie Lieferzeit Ihrer Bestellung richtet sich nach dem Artikel mit der l\u00e4ngsten Lieferzeitangabe.\n[\nHom\u00f6opathisch\n19,90*\n14,99*\n](https://www.apotheke.de/nervoregin-h-tabletten-100stk-pzn-01315906) [\nPZN 01315906\n](https://www.apotheke.de/nervoregin-h-tabletten-100stk-pzn-01315906) [\n](https://www.apotheke.de/nervoregin-h-tabletten-100stk-pzn-01315906)\n- st\u00e4rkt das Nervensystem\n- reguliert nerv\u00f6se Anspannung\n- nat\u00fcrlich und beruhigend\n- enth\u00e4lt Lactose\nBestellungen die Mo-Fr bis 16:00 Uhr eingehen verlassen in der Regel noch am selben Tag unser Haus.\nDie Lieferzeit Ihrer Bestellung richtet sich nach dem Artikel mit der l\u00e4ngsten Lieferzeitangabe.\n[\nHom\u00f6opathisch\n18,50*\n15,59*\n](https://www.apotheke.de/ranocalcin-tabletten-100stk-pzn-10098827) [\nPZN 10098827\n](https://www.apotheke.de/ranocalcin-tabletten-100stk-pzn-10098827) [\n](https://www.apotheke.de/ranocalcin-tabletten-100stk-pzn-10098827)\n- hom\u00f6opathisches Arzneimittel\n- bei Schw\u00e4che von St\u00fctz-, Bindegewebe und Knochen\nBestellungen die Mo-Fr bis 16:00 Uhr eingehen verlassen in der Regel noch am selben Tag unser Haus.\nDie Lieferzeit Ihrer Bestellung richtet sich nach dem Artikel mit der l\u00e4ngsten Lieferzeitangabe.\n[\nHom\u00f6opathisch\n30,90*\n21,99*\n](https://www.apotheke.de/nervoregin-tropfen-100ml-pzn-03811704) [\nPZN 03811704\n(GP*: 219,90\u20ac/1 l)\n](https://www.apotheke.de/nervoregin-tropfen-100ml-pzn-03811704) [\n](https://www.apotheke.de/nervoregin-tropfen-100ml-pzn-03811704)\n- nur Original-Markenmedikamente\n- Bonus f\u00fcr Selbstzahler-Rezepte10)\n- Versandkostenfreie Lieferung**\nBestellungen die Mo-Fr bis 16:00 Uhr eingehen verlassen in der Regel noch am selben Tag unser Haus.\nDie Lieferzeit Ihrer Bestellung richtet sich nach dem Artikel mit der l\u00e4ngsten Lieferzeitangabe.\n[\nHom\u00f6opathisch\n33,00*\n26,99*\n](https://www.apotheke.de/nervoregin-compositus-h-pflueger-ampullen-10stk-pzn-03678665) [\nPZN 03678665\n](https://www.apotheke.de/nervoregin-compositus-h-pflueger-ampullen-10stk-pzn-03678665) [\n](https://www.apotheke.de/nervoregin-compositus-h-pflueger-ampullen-10stk-pzn-03678665)\n- nur Original-Markenmedikamente\n- Bonus f\u00fcr Selbstzahler-Rezepte10)\n- Versandkostenfreie Lieferung**\nBestellungen die Mo-Fr bis 16:00 Uhr eingehen verlassen in der Regel noch am selben Tag unser Haus.\nDie Lieferzeit Ihrer Bestellung richtet sich nach dem Artikel mit der l\u00e4ngsten Lieferzeitangabe.\n[\nHom\u00f6opathisch\n18,35*\n14,39*\n](https://www.apotheke.de/nuxal-compositus-tabletten-100stk-pzn-02888254) [\nPZN 02888254\n](https://www.apotheke.de/nuxal-compositus-tabletten-100stk-pzn-02888254) [\n](https://www.apotheke.de/nuxal-compositus-tabletten-100stk-pzn-02888254)\n- nur Original-Markenmedikamente\n- Bonus f\u00fcr Selbstzahler-Rezepte10)\n- Versandkostenfreie Lieferung**\nBestellungen die Mo-Fr bis 16:00 Uhr eingehen verlassen in der Regel noch am selben Tag unser Haus.\nDie Lieferzeit Ihrer Bestellung richtet sich nach dem Artikel mit der l\u00e4ngsten Lieferzeitangabe.\n[\nHom\u00f6opathisch\n28,70*\n21,99*\n](https://www.apotheke.de/girheulit-hom-tabletten-200stk-pzn-05553790) [\nPZN 05553790\n](https://www.apotheke.de/girheulit-hom-tabletten-200stk-pzn-05553790) [\n](https://www.apotheke.de/girheulit-hom-tabletten-200stk-pzn-05553790)\n- lindert Rheumaschmerzen\n- wirkt abschwellend und entz\u00fcndungshemmend\n- verbessert die Gelenkbeweglichkeit\n- f\u00f6rdert die Harns\u00e4ureausscheidung\nBestellungen die Mo-Fr bis 16:00 Uhr eingehen verlassen in der Regel noch am selben Tag unser Haus.\nDie Lieferzeit Ihrer Bestellung richtet sich nach dem Artikel mit der l\u00e4ngsten Lieferzeitangabe.\n[\nHom\u00f6opathisch\n28,70*\n21,99*\n](https://www.apotheke.de/tumoglin-h-tropfen-100ml-pzn-04951732) [\nPZN 04951732\n(GP*: 219,90\u20ac/1 l)\n](https://www.apotheke.de/tumoglin-h-tropfen-100ml-pzn-04951732) [\n](https://www.apotheke.de/tumoglin-h-tropfen-100ml-pzn-04951732)\n- nur Original-Markenmedikamente\n- Bonus f\u00fcr Selbstzahler-Rezepte10)\n- Versandkostenfreie Lieferung**\nBestellungen die Mo-Fr bis 16:00 Uhr eingehen verlassen in der Regel noch am selben Tag unser Haus.\nDie Lieferzeit Ihrer Bestellung richtet sich nach dem Artikel mit der l\u00e4ngsten Lieferzeitangabe.\n[\nHom\u00f6opathisch\n32,30*\n23,99*\n](https://www.apotheke.de/wibotin-hm-tropfen-100ml-pzn-04636692) [\nPZN 04636692\n(GP*: 239,90\u20ac/1 l)\n](https://www.apotheke.de/wibotin-hm-tropfen-100ml-pzn-04636692) [\n](https://www.apotheke.de/wibotin-hm-tropfen-100ml-pzn-04636692)\n- nur Original-Markenmedikamente\n- Bonus f\u00fcr Selbstzahler-Rezepte10)\n- Versandkostenfreie Lieferung**\nBestellungen die Mo-Fr bis 16:00 Uhr eingehen verlassen in der Regel noch am selben Tag unser Haus.\nDie Lieferzeit Ihrer Bestellung richtet sich nach dem Artikel mit der l\u00e4ngsten Lieferzeitangabe.\n[\nPflanzlich\n34,90*\n23,99*\n](https://www.apotheke.de/hepagallin-n-100stk-pzn-04491934) [\nPZN 04491934\n](https://www.apotheke.de/hepagallin-n-100stk-pzn-04491934) [\n](https://www.apotheke.de/hepagallin-n-100stk-pzn-04491934)\n- nur Original-Markenmedikamente\n- Bonus f\u00fcr Selbstzahler-Rezepte10)\n- Versandkostenfreie Lieferung**\nBestellungen die Mo-Fr bis 16:00 Uhr eingehen verlassen in der Regel noch am selben Tag unser Haus.\nDie Lieferzeit Ihrer Bestellung richtet sich nach dem Artikel mit der l\u00e4ngsten Lieferzeitangabe.\n[\nHom\u00f6opathisch\n18,35*\n15,29*\n](https://www.apotheke.de/biodolor-tabletten-100stk-pzn-04531728) [\nPZN 04531728\n](https://www.apotheke.de/biodolor-tabletten-100stk-pzn-04531728) [\n](https://www.apotheke.de/biodolor-tabletten-100stk-pzn-04531728)\n- nur Original-Markenmedikamente\n- Bonus f\u00fcr Selbstzahler-Rezepte10)\n- Versandkostenfreie Lieferung**\nBestellungen die Mo-Fr bis 16:00 Uhr eingehen verlassen in der Regel noch am selben Tag unser Haus.\nDie Lieferzeit Ihrer Bestellung richtet sich nach dem Artikel mit der l\u00e4ngsten Lieferzeitangabe.\n[\nHom\u00f6opathisch\n18,35*\n15,49*\n](https://www.apotheke.de/milchsaeure-pflueger-tropfen-50ml-pzn-01222398) [\nPZN 01222398\n(GP*: 309,80\u20ac/1 l)\n](https://www.apotheke.de/milchsaeure-pflueger-tropfen-50ml-pzn-01222398) [\n](https://www.apotheke.de/milchsaeure-pflueger-tropfen-50ml-pzn-01222398)\n- nur Original-Markenmedikamente\n- Bonus f\u00fcr Selbstzahler-Rezepte10)\n- Versandkostenfreie Lieferung**\nBestellungen die Mo-Fr bis 16:00 Uhr eingehen verlassen in der Regel noch am selben Tag unser Haus.\nDie Lieferzeit Ihrer Bestellung richtet sich nach dem Artikel mit der l\u00e4ngsten Lieferzeitangabe.\n[\nHom\u00f6opathisch\n18,35*\n15,19*\n](https://www.apotheke.de/calculi-h-tropfen-50ml-pzn-04319425) [\nPZN 04319425\n(GP*: 303,80\u20ac/1 l)\n](https://www.apotheke.de/calculi-h-tropfen-50ml-pzn-04319425) [\n](https://www.apotheke.de/calculi-h-tropfen-50ml-pzn-04319425)\n- nur Original-Markenmedikamente\n- Bonus f\u00fcr Selbstzahler-Rezepte10)\n- Versandkostenfreie Lieferung**\nBestellungen die Mo-Fr bis 16:00 Uhr eingehen verlassen in der Regel noch am selben Tag unser Haus.\nDie Lieferzeit Ihrer Bestellung richtet sich nach dem Artikel mit der l\u00e4ngsten Lieferzeitangabe.\n[\n5,45*\n4,99*\n](https://www.apotheke.de/minoral-zahncreme-75ml-pzn-12382076) [\nPZN 12382076\n(GP*: 66,53\u20ac/1 l)\n](https://www.apotheke.de/minoral-zahncreme-75ml-pzn-12382076) [\n](https://www.apotheke.de/minoral-zahncreme-75ml-pzn-12382076)\n- F\u00fcr starke Z\u00e4hne und gesundes Zahnfleisch\n- Mit Mineralstoffen und Xylit\n- F\u00fcr Erwachsene und Kinder\nBestellungen die Mo-Fr bis 16:00 Uhr eingehen verlassen in der Regel noch am selben Tag unser Haus.\nDie Lieferzeit Ihrer Bestellung richtet sich nach dem Artikel mit der l\u00e4ngsten Lieferzeitangabe.\n[\nHom\u00f6opathisch\n14,15*\n11,29*\n](https://www.apotheke.de/pfluegerplex-lycopodium-354-tabletten-100stk-pzn-02749883) [\nPZN 02749883\n](https://www.apotheke.de/pfluegerplex-lycopodium-354-tabletten-100stk-pzn-02749883) [\n](https://www.apotheke.de/pfluegerplex-lycopodium-354-tabletten-100stk-pzn-02749883)\n- nur Original-Markenmedikamente\n- Bonus f\u00fcr Selbstzahler-Rezepte10)\n- Versandkostenfreie Lieferung**\nBestellungen die Mo-Fr bis 16:00 Uhr eingehen verlassen in der Regel noch am selben Tag unser Haus.\nDie Lieferzeit Ihrer Bestellung richtet sich nach dem Artikel mit der l\u00e4ngsten Lieferzeitangabe.\n[\nHom\u00f6opathisch\n18,35*\n15,19*\n](https://www.apotheke.de/tumoglin-tabletten-100stk-pzn-04796906) [\nPZN 04796906\n](https://www.apotheke.de/tumoglin-tabletten-100stk-pzn-04796906) [\n](https://www.apotheke.de/tumoglin-tabletten-100stk-pzn-04796906)\n- nur Original-Markenmedikamente\n- Bonus f\u00fcr Selbstzahler-Rezepte10)\n- Versandkostenfreie Lieferung**\nBestellungen die Mo-Fr bis 16:00 Uhr eingehen verlassen in der Regel noch am selben Tag unser Haus.\nDie Lieferzeit Ihrer Bestellung richtet sich nach dem Artikel mit der l\u00e4ngsten Lieferzeitangabe.\n[\nHom\u00f6opathisch\n20,85*\n15,19*\n](https://www.apotheke.de/nervoregin-tropfen-50ml-pzn-03811006) [\nPZN 03811006\n(GP*: 303,80\u20ac/1 l)\n](https://www.apotheke.de/nervoregin-tropfen-50ml-pzn-03811006) [\n](https://www.apotheke.de/nervoregin-tropfen-50ml-pzn-03811006)\n- nur Original-Markenmedikamente\n- Bonus f\u00fcr Selbstzahler-Rezepte10)\n- Versandkostenfreie Lieferung**\nBestellungen die Mo-Fr bis 16:00 Uhr eingehen verlassen in der Regel noch am selben Tag unser Haus.\nDie Lieferzeit Ihrer Bestellung richtet sich nach dem Artikel mit der l\u00e4ngsten Lieferzeitangabe.\n[\nHom\u00f6opathisch\n18,35*\n15,19*\n](https://www.apotheke.de/a-bomin-tropfen-50ml-pzn-02297085) [\nPZN 02297085\n(GP*: 303,80\u20ac/1 l)\n](https://www.apotheke.de/a-bomin-tropfen-50ml-pzn-02297085) [\n](https://www.apotheke.de/a-bomin-tropfen-50ml-pzn-02297085)\n- nur Original-Markenmedikamente\n- Bonus f\u00fcr Selbstzahler-Rezepte10)\n- Versandkostenfreie Lieferung**\nBestellungen die Mo-Fr bis 16:00 Uhr eingehen verlassen in der Regel noch am selben Tag unser Haus.\nDie Lieferzeit Ihrer Bestellung richtet sich nach dem Artikel mit der l\u00e4ngsten Lieferzeitangabe.\n[\nHom\u00f6opathisch\n18,35*\n13,29*\n](https://www.apotheke.de/naranotox-compositus-tropfen-50ml-pzn-01312859) [\nPZN 01312859\n(GP*: 265,80\u20ac/1 l)\n](https://www.apotheke.de/naranotox-compositus-tropfen-50ml-pzn-01312859) [\n](https://www.apotheke.de/naranotox-compositus-tropfen-50ml-pzn-01312859)\n- nur Original-Markenmedikamente\n- Bonus f\u00fcr Selbstzahler-Rezepte10)\n- Versandkostenfreie Lieferung**\nBestellungen die Mo-Fr bis 16:00 Uhr eingehen verlassen in der Regel noch am selben Tag unser Haus.\nDie Lieferzeit Ihrer Bestellung richtet sich nach dem Artikel mit der l\u00e4ngsten Lieferzeitangabe.\n[\nHom\u00f6opathisch\n27,70*\n20,99*\n](https://www.apotheke.de/milchsaeure-pflueger-injektionsloesung-5-ml-10stk-pzn-01222429) [\nPZN 01222429\n](https://www.apotheke.de/milchsaeure-pflueger-injektionsloesung-5-ml-10stk-pzn-01222429) [\n](https://www.apotheke.de/milchsaeure-pflueger-injektionsloesung-5-ml-10stk-pzn-01222429)\n- nur Original-Markenmedikamente\n- Bonus f\u00fcr Selbstzahler-Rezepte10)\n- Versandkostenfreie Lieferung**\nBestellungen die Mo-Fr bis 16:00 Uhr eingehen verlassen in der Regel noch am selben Tag unser Haus.\nDie Lieferzeit Ihrer Bestellung richtet sich nach dem Artikel mit der l\u00e4ngsten Lieferzeitangabe.\n[\nHom\u00f6opathisch\n20,80*\n17,49*\n](https://www.apotheke.de/nuxal-h-tropfen-50ml-pzn-01713185) [\nPZN 01713185\n(GP*: 349,80\u20ac/1 l)\n](https://www.apotheke.de/nuxal-h-tropfen-50ml-pzn-01713185) [\n](https://www.apotheke.de/nuxal-h-tropfen-50ml-pzn-01713185)\n- nur Original-Markenmedikamente\n- Bonus f\u00fcr Selbstzahler-Rezepte10)\n- Versandkostenfreie Lieferung**\nBestellungen die Mo-Fr bis 16:00 Uhr eingehen verlassen in der Regel noch am selben Tag unser Haus.\nDie Lieferzeit Ihrer Bestellung richtet sich nach dem Artikel mit der l\u00e4ngsten Lieferzeitangabe.\n[\nHom\u00f6opathisch\n19,90*\n15,89*\n](https://www.apotheke.de/milchsaeure-pflueger-potenzakkord-iniecto-lsgamp-10stk-pzn-12777225) [\nPZN 12777225\n](https://www.apotheke.de/milchsaeure-pflueger-potenzakkord-iniecto-lsgamp-10stk-pzn-12777225) [\n](https://www.apotheke.de/milchsaeure-pflueger-potenzakkord-iniecto-lsgamp-10stk-pzn-12777225)\n- hom\u00f6opathisches Arzneimittel\n- wirken nach dem \u00c4hnlichkeitsprinzip\n- f\u00fcr eine ganzheitliche Behandlung\n- regulieren die Selbstheilungskr\u00e4fte des K\u00f6rpers\n- bei verschiedenen Krankheitsbildern einsetzbar\nBestellungen die Mo-Fr bis 16:00 Uhr eingehen verlassen in der Regel noch am selben Tag unser Haus.\nDie Lieferzeit Ihrer Bestellung richtet sich nach dem Artikel mit der l\u00e4ngsten Lieferzeitangabe.\n[\nHom\u00f6opathisch\n18,35*\n14,29*\n](https://www.apotheke.de/thyreo-komplex-pflueger-50ml-pzn-05870355) [\nPZN 05870355\n(GP*: 285,80\u20ac/1 l)\n](https://www.apotheke.de/thyreo-komplex-pflueger-50ml-pzn-05870355) [\n](https://www.apotheke.de/thyreo-komplex-pflueger-50ml-pzn-05870355)\n- nur Original-Markenmedikamente\n- Bonus f\u00fcr Selbstzahler-Rezepte10)\n- Versandkostenfreie Lieferung**\nBestellungen die Mo-Fr bis 16:00 Uhr eingehen verlassen in der Regel noch am selben Tag unser Haus.\nDie Lieferzeit Ihrer Bestellung richtet sich nach dem Artikel mit der l\u00e4ngsten Lieferzeitangabe.\n[\nHom\u00f6opathisch\n28,70*\n21,99*\n](https://www.apotheke.de/chiroplexan-h-tropfen-100ml-pzn-03957000) [\nPZN 03957000\n(GP*: 219,90\u20ac/1 l)\n](https://www.apotheke.de/chiroplexan-h-tropfen-100ml-pzn-03957000) [\n](https://www.apotheke.de/chiroplexan-h-tropfen-100ml-pzn-03957000)\n- nur Original-Markenmedikamente\n- Bonus f\u00fcr Selbstzahler-Rezepte10)\n- Versandkostenfreie Lieferung**\nBestellungen die Mo-Fr bis 16:00 Uhr eingehen verlassen in der Regel noch am selben Tag unser Haus.\nDie Lieferzeit Ihrer Bestellung richtet sich nach dem Artikel mit der l\u00e4ngsten Lieferzeitangabe.\n[\nHom\u00f6opathisch\n18,35*\n13,99*\n](https://www.apotheke.de/anovin-pflueger-tabletten-100stk-pzn-01179610) [\nPZN 01179610\n](https://www.apotheke.de/anovin-pflueger-tabletten-100stk-pzn-01179610) [\n](https://www.apotheke.de/anovin-pflueger-tabletten-100stk-pzn-01179610)\n- nur Original-Markenmedikamente\n- Bonus f\u00fcr Selbstzahler-Rezepte10)\n- Versandkostenfreie Lieferung**\nBestellungen die Mo-Fr bis 16:00 Uhr eingehen verlassen in der Regel noch am selben Tag unser Haus.\nDie Lieferzeit Ihrer Bestellung richtet sich nach dem Artikel mit der l\u00e4ngsten Lieferzeitangabe.\n[\nHom\u00f6opathisch\n14,15*\n11,79*\n](https://www.apotheke.de/pfluegerplex-rhododendron-307-h-tabletten-100stk-pzn-00868201) [\nPZN 00868201\n](https://www.apotheke.de/pfluegerplex-rhododendron-307-h-tabletten-100stk-pzn-00868201) [\n](https://www.apotheke.de/pfluegerplex-rhododendron-307-h-tabletten-100stk-pzn-00868201)\n- nur Original-Markenmedikamente\n- Bonus f\u00fcr Selbstzahler-Rezepte10)\n- Versandkostenfreie Lieferung**\nBestellungen die Mo-Fr bis 16:00 Uhr eingehen verlassen in der Regel noch am selben Tag unser Haus.\nDie Lieferzeit Ihrer Bestellung richtet sich nach dem Artikel mit der l\u00e4ngsten Lieferzeitangabe.\n[\nHom\u00f6opathisch\n18,35*\n13,29*\n](https://www.apotheke.de/disci-bamb-hom-tropfen-50ml-pzn-02749908) [\nPZN 02749908\n(GP*: 265,80\u20ac/1 l)\n](https://www.apotheke.de/disci-bamb-hom-tropfen-50ml-pzn-02749908) [\n](https://www.apotheke.de/disci-bamb-hom-tropfen-50ml-pzn-02749908)\n- nur Original-Markenmedikamente\n- Bonus f\u00fcr Selbstzahler-Rezepte10)\n- Versandkostenfreie Lieferung**\nBestellungen die Mo-Fr bis 16:00 Uhr eingehen verlassen in der Regel noch am selben Tag unser Haus.\nDie Lieferzeit Ihrer Bestellung richtet sich nach dem Artikel mit der l\u00e4ngsten Lieferzeitangabe.\n[\nHom\u00f6opathisch\n18,35*\n15,79*\n](https://www.apotheke.de/vomistop-tabletten-100stk-pzn-04531734) [\nPZN 04531734\n](https://www.apotheke.de/vomistop-tabletten-100stk-pzn-04531734) [\n](https://www.apotheke.de/vomistop-tabletten-100stk-pzn-04531734)\n- nur Original-Markenmedikamente\n- Bonus f\u00fcr Selbstzahler-Rezepte10)\n- Versandkostenfreie Lieferung**\nBestellungen die Mo-Fr bis 16:00 Uhr eingehen verlassen in der Regel noch am selben Tag unser Haus.\nDie Lieferzeit Ihrer Bestellung richtet sich nach dem Artikel mit der l\u00e4ngsten Lieferzeitangabe.\n[\nHom\u00f6opathisch\n19,90*\n17,39*\n](https://www.apotheke.de/disci-bamb-hom-iniecto-1-ml-10stk-pzn-01876935) [\nPZN 01876935\n](https://www.apotheke.de/disci-bamb-hom-iniecto-1-ml-10stk-pzn-01876935) [\n](https://www.apotheke.de/disci-bamb-hom-iniecto-1-ml-10stk-pzn-01876935)\n- nur Original-Markenmedikamente\n- Bonus f\u00fcr Selbstzahler-Rezepte10)\n- Versandkostenfreie Lieferung**\nBestellungen die Mo-Fr bis 16:00 Uhr eingehen verlassen in der Regel noch am selben Tag unser Haus.\nDie Lieferzeit Ihrer Bestellung richtet sich nach dem Artikel mit der l\u00e4ngsten Lieferzeitangabe.\n[\nHom\u00f6opathisch\n19,90*\n17,59*\n](https://www.apotheke.de/chiroplexan-h-iniecto-10x2ml-pzn-04886609) [\nPZN 04886609\n(GP*: 879,50\u20ac/1 l)\n](https://www.apotheke.de/chiroplexan-h-iniecto-10x2ml-pzn-04886609) [\n](https://www.apotheke.de/chiroplexan-h-iniecto-10x2ml-pzn-04886609)\n- nur Original-Markenmedikamente\n- Bonus f\u00fcr Selbstzahler-Rezepte10)\n- Versandkostenfreie Lieferung**\nBestellungen die Mo-Fr bis 16:00 Uhr eingehen verlassen in der Regel noch am selben Tag unser Haus.\nDie Lieferzeit Ihrer Bestellung richtet sich nach dem Artikel mit der l\u00e4ngsten Lieferzeitangabe.\n[\nHom\u00f6opathisch\n19,90*\n14,99*\n](https://www.apotheke.de/asthma-hm-iniecto-ampullen-10x2ml-pzn-01876740) [\nPZN 01876740\n(GP*: 749,50\u20ac/1 l)\n](https://www.apotheke.de/asthma-hm-iniecto-ampullen-10x2ml-pzn-01876740) [\n](https://www.apotheke.de/asthma-hm-iniecto-ampullen-10x2ml-pzn-01876740)\n- nur Original-Markenmedikamente\n- Bonus f\u00fcr Selbstzahler-Rezepte10)\n- Versandkostenfreie Lieferung**\nBestellungen die Mo-Fr bis 16:00 Uhr eingehen verlassen in der Regel noch am selben Tag unser Haus.\nDie Lieferzeit Ihrer Bestellung richtet sich nach dem Artikel mit der l\u00e4ngsten Lieferzeitangabe.\n[\nHom\u00f6opathisch\n17,75*\n13,19*\n](https://www.apotheke.de/pfluegerplex-colocynthis-192-h-tropfen-50ml-pzn-02888260) [\nPZN 02888260\n(GP*: 263,80\u20ac/1 l)\n](https://www.apotheke.de/pfluegerplex-colocynthis-192-h-tropfen-50ml-pzn-02888260) [\n](https://www.apotheke.de/pfluegerplex-colocynthis-192-h-tropfen-50ml-pzn-02888260)\n- nur Original-Markenmedikamente\n- Bonus f\u00fcr Selbstzahler-Rezepte10)\n- Versandkostenfreie Lieferung**\nBestellungen die Mo-Fr bis 16:00 Uhr eingehen verlassen in der Regel noch am selben Tag unser Haus.\nDie Lieferzeit Ihrer Bestellung richtet sich nach dem Artikel mit der l\u00e4ngsten Lieferzeitangabe.\n[\n10,85*\n9,39*\n](https://www.apotheke.de/thuja-extern-tinktur-pflueger-20ml-pzn-18757838) [\nPZN 18757838\n(GP*: 469,50\u20ac/1 l)\n](https://www.apotheke.de/thuja-extern-tinktur-pflueger-20ml-pzn-18757838) [\n](https://www.apotheke.de/thuja-extern-tinktur-pflueger-20ml-pzn-18757838)\n- Zur \u00e4u\u00dferlichen Anwendung in Form von Sp\u00fclungen und Umschl\u00e4gen\n- Auch als Globuli in der Potenz D6, D12 und C30 erh\u00e4ltlich\n- Glutenfrei und vegan\nBestellungen die Mo-Fr bis 16:00 Uhr eingehen verlassen in der Regel noch am selben Tag unser Haus.\nDie Lieferzeit Ihrer Bestellung richtet sich nach dem Artikel mit der l\u00e4ngsten Lieferzeitangabe.\n[\nHom\u00f6opathisch\n17,75*\n12,99*\n](https://www.apotheke.de/pfluegerplex-cuprum-145-h-tropfen-50ml-pzn-00576674) [\nPZN 00576674\n(GP*: 259,80\u20ac/1 l)\n](https://www.apotheke.de/pfluegerplex-cuprum-145-h-tropfen-50ml-pzn-00576674) [\n](https://www.apotheke.de/pfluegerplex-cuprum-145-h-tropfen-50ml-pzn-00576674)\n- nur Original-Markenmedikamente\n- Bonus f\u00fcr Selbstzahler-Rezepte10)\n- Versandkostenfreie Lieferung**\nBestellungen die Mo-Fr bis 16:00 Uhr eingehen verlassen in der Regel noch am selben Tag unser Haus.\nDie Lieferzeit Ihrer Bestellung richtet sich nach dem Artikel mit der l\u00e4ngsten Lieferzeitangabe.\n[\nHom\u00f6opathisch\n14,15*\n10,29*\n](https://www.apotheke.de/pfluegerplex-crocus-328-h-tabletten-100stk-pzn-00714685) [\nPZN 00714685\n](https://www.apotheke.de/pfluegerplex-crocus-328-h-tabletten-100stk-pzn-00714685) [\n](https://www.apotheke.de/pfluegerplex-crocus-328-h-tabletten-100stk-pzn-00714685)\n- nur Original-Markenmedikamente\n- Bonus f\u00fcr Selbstzahler-Rezepte10)\n- Versandkostenfreie Lieferung**\nBestellungen die Mo-Fr bis 16:00 Uhr eingehen verlassen in der Regel noch am selben Tag unser Haus.\nDie Lieferzeit Ihrer Bestellung richtet sich nach dem Artikel mit der l\u00e4ngsten Lieferzeitangabe.\n[\nHom\u00f6opathisch\n28,70*\n20,99*\n](https://www.apotheke.de/cereginkgo-h-tropfen-100ml-pzn-01006298) [\nPZN 01006298\n(GP*: 209,90\u20ac/1 l)\n](https://www.apotheke.de/cereginkgo-h-tropfen-100ml-pzn-01006298) [\n](https://www.apotheke.de/cereginkgo-h-tropfen-100ml-pzn-01006298)\n- nur Original-Markenmedikamente\n- Bonus f\u00fcr Selbstzahler-Rezepte10)\n- Versandkostenfreie Lieferung**\nBestellungen die Mo-Fr bis 16:00 Uhr eingehen verlassen in der Regel noch am selben Tag unser Haus.\nDie Lieferzeit Ihrer Bestellung richtet sich nach dem Artikel mit der l\u00e4ngsten Lieferzeitangabe.\n[\nHom\u00f6opathisch\n28,70*\n20,99*\n](https://www.apotheke.de/colchicum-comp-pflueger-tropfen-100ml-pzn-03157274) [\nPZN 03157274\n(GP*: 209,90\u20ac/1 l)\n](https://www.apotheke.de/colchicum-comp-pflueger-tropfen-100ml-pzn-03157274) [\n](https://www.apotheke.de/colchicum-comp-pflueger-tropfen-100ml-pzn-03157274)\n- nur Original-Markenmedikamente\n- Bonus f\u00fcr Selbstzahler-Rezepte10)\n- Versandkostenfreie Lieferung**\nBestellungen die Mo-Fr bis 16:00 Uhr eingehen verlassen in der Regel noch am selben Tag unser Haus.\nDie Lieferzeit Ihrer Bestellung richtet sich nach dem Artikel mit der l\u00e4ngsten Lieferzeitangabe.\n[\nHom\u00f6opathisch\n26,50*\n16,99*\n](https://www.apotheke.de/pfluegers-frauentonikum-hm-tropfen-200ml-pzn-00624657) [\nPZN 00624657\n(GP*: 84,95\u20ac/1 l)\n](https://www.apotheke.de/pfluegers-frauentonikum-hm-tropfen-200ml-pzn-00624657) [\n](https://www.apotheke.de/pfluegers-frauentonikum-hm-tropfen-200ml-pzn-00624657)\n- nur Original-Markenmedikamente\n- Bonus f\u00fcr Selbstzahler-Rezepte10)\n- Versandkostenfreie Lieferung**\nBestellungen die Mo-Fr bis 16:00 Uhr eingehen verlassen in der Regel noch am selben Tag unser Haus.\nDie Lieferzeit Ihrer Bestellung richtet sich nach dem Artikel mit der l\u00e4ngsten Lieferzeitangabe.\n[\nHom\u00f6opathisch\n14,15*\n9,69*\n](https://www.apotheke.de/pfluegerplex-carduus-351-h-tabletten-100stk-pzn-00895474) [\nPZN 00895474\n](https://www.apotheke.de/pfluegerplex-carduus-351-h-tabletten-100stk-pzn-00895474) [\n](https://www.apotheke.de/pfluegerplex-carduus-351-h-tabletten-100stk-pzn-00895474)\n- nur Original-Markenmedikamente\n- Bonus f\u00fcr Selbstzahler-Rezepte10)\n- Versandkostenfreie Lieferung**\nBestellungen die Mo-Fr bis 16:00 Uhr eingehen verlassen in der Regel noch am selben Tag unser Haus.\nDie Lieferzeit Ihrer Bestellung richtet sich nach dem Artikel mit der l\u00e4ngsten Lieferzeitangabe.\n[\nHom\u00f6opathisch\n18,35*\n15,49*\n](https://www.apotheke.de/naranocut-h-tabletten-100stk-pzn-04638610) [\nPZN 04638610\n](https://www.apotheke.de/naranocut-h-tabletten-100stk-pzn-04638610) [\n](https://www.apotheke.de/naranocut-h-tabletten-100stk-pzn-04638610)\n- nur Original-Markenmedikamente\n- Bonus f\u00fcr Selbstzahler-Rezepte10)\n- Versandkostenfreie Lieferung**\nBestellungen die Mo-Fr bis 16:00 Uhr eingehen verlassen in der Regel noch am selben Tag unser Haus.\nDie Lieferzeit Ihrer Bestellung richtet sich nach dem Artikel mit der l\u00e4ngsten Lieferzeitangabe.\n[\nHom\u00f6opathisch\n18,35*\n14,59*\n](https://www.apotheke.de/rauwolsan-komplex-pflueger-tropfen-50ml-pzn-05549848) [\nPZN 05549848\n(GP*: 291,80\u20ac/1 l)\n](https://www.apotheke.de/rauwolsan-komplex-pflueger-tropfen-50ml-pzn-05549848) [\n](https://www.apotheke.de/rauwolsan-komplex-pflueger-tropfen-50ml-pzn-05549848)\n- nur Original-Markenmedikamente\n- Bonus f\u00fcr Selbstzahler-Rezepte10)\n- Versandkostenfreie Lieferung**\nBestellungen die Mo-Fr bis 16:00 Uhr eingehen verlassen in der Regel noch am selben Tag unser Haus.\nDie Lieferzeit Ihrer Bestellung richtet sich nach dem Artikel mit der l\u00e4ngsten Lieferzeitangabe.\n[\n9,50*\n8,29*\n](https://www.apotheke.de/thuja-c30-globuli-pflueger-dosierspender-10g-pzn-18757821) [\nPZN 18757821\n(GP*: 829,00\u20ac/1 kg)\n](https://www.apotheke.de/thuja-c30-globuli-pflueger-dosierspender-10g-pzn-18757821) [\n](https://www.apotheke.de/thuja-c30-globuli-pflueger-dosierspender-10g-pzn-18757821)\n- Nur von Pfl\u00fcger: im einzigartigen Dosierspender\n- Auch in der Potenz D6 und D12 und als Tinktur erh\u00e4ltlich\n- Gluten- und alkoholfrei, vegan\nBestellungen die Mo-Fr bis 16:00 Uhr eingehen verlassen in der Regel noch am selben Tag unser Haus.\nDie Lieferzeit Ihrer Bestellung richtet sich nach dem Artikel mit der l\u00e4ngsten Lieferzeitangabe.\n[\n38,60*\n24,49*\n](https://www.apotheke.de/kombi-paket-gegen-unruhe-schlafstoerungen-2pck-pzn-08101825) [\nPZN 08101825\n](https://www.apotheke.de/kombi-paket-gegen-unruhe-schlafstoerungen-2pck-pzn-08101825) [\n](https://www.apotheke.de/kombi-paket-gegen-unruhe-schlafstoerungen-2pck-pzn-08101825)\n- Pfl\u00fcgerplex\u00ae Hyoscyamus 186 H zur Besserung des Wohlbefindens bei Verstimmungszust\u00e4nden\n- Nervoregin\u00ae Tropfen bei Schlafst\u00f6rungen und Einschlafschwierigkeiten\n- Ohne Neben-und Wechselwirkungen\nBestellungen die Mo-Fr bis 16:00 Uhr eingehen verlassen in der Regel noch am selben Tag unser Haus.\nDie Lieferzeit Ihrer Bestellung richtet sich nach dem Artikel mit der l\u00e4ngsten Lieferzeitangabe.\n[\n37,05*\n22,49*\n](https://www.apotheke.de/kombi-paket-gegen-erkaeltungsbeschwerden-2pck-pzn-08101826) [\nPZN 08101826\n](https://www.apotheke.de/kombi-paket-gegen-erkaeltungsbeschwerden-2pck-pzn-08101826) [\n](https://www.apotheke.de/kombi-paket-gegen-erkaeltungsbeschwerden-2pck-pzn-08101826)\n- Pfl\u00fcgerplex\u00ae Lemna 322 H bei Schnupfen\n- Lymphocausal H Pfl\u00fcger\u00ae bei Grippe und grippe\u00e4hnlichen, fieberhaften Erkrankugen\nBestellungen die Mo-Fr bis 16:00 Uhr eingehen verlassen in der Regel noch am selben Tag unser Haus.\nDie Lieferzeit Ihrer Bestellung richtet sich nach dem Artikel mit der l\u00e4ngsten Lieferzeitangabe.", "language": null, "image": "https://www.apotheke.de/templates/apotheke_de/img/layout/shop_logo_open_graph.png", "pagetype": "website", "links": ["https://www.apotheke.de/", "https://www.apotheke.de/login.php", "https://www.apotheke.de/password_double_opt.php", null, "https://www.apotheke.de/login.php", "https://www.apotheke.de/sicherheitsserver", "https://www.apotheke.de/kontakt", "https://www.apotheke.de/team", "https://www.apotheke.de/markenprodukte-apodiscounterde-c-3020", "https://www.apotheke.de/beschwerdefrei-c-3034", "https://www.apotheke.de/gesunde-ernaehrung-c-3035", "https://www.apotheke.de/kosmetik-c-3038", "https://www.apotheke.de/hausapotheke-c-3037", "https://www.apotheke.de/gratis-aktionen-c-1905", "https://www.apotheke.de/aktionspakete-c-2090", "https://www.apotheke.de/gratiszugaben-c-2057", "https://www.apotheke.de/knallerpreise-c-2203", "https://www.apotheke.de/neu-im-sortiment-c-699", "https://www.apotheke.de/erkaeltung-immunsystem-c-261", "https://www.apotheke.de/erkaeltungspakete-c-3760", "https://www.apotheke.de/grippe-erkaeltung-allgemein-c-423", "https://www.apotheke.de/erkaeltung-c-280", "https://www.apotheke.de/halsschmerzen-c-281", "https://www.apotheke.de/husten-c-282", "https://www.apotheke.de/fiebermittel-c-4102", "https://www.apotheke.de/nebenhoehlenentzuendung-c-586", "https://www.apotheke.de/schnupfen-c-283", "https://www.apotheke.de/erkaeltung-vorbeugen-c-571", "https://www.apotheke.de/grippe-medikamente-c-3805", "https://www.apotheke.de/vegan-vegetarisch-c-2425", "https://www.apotheke.de/vegan-c-2426", "https://www.apotheke.de/vegetarisch-c-2427", "https://www.apotheke.de/fit-und-schlank-c-257", "https://www.apotheke.de/abnehmen-c-273", "https://www.apotheke.de/entschlackung-c-557", "https://www.apotheke.de/sportlernahrung-c-2315", "https://www.apotheke.de/superfoods-c-742", "https://www.apotheke.de/supplemente-c-271", "https://www.apotheke.de/rauchentwoehnung-c-272", "https://www.apotheke.de/augen-ohren-c-259", "https://www.apotheke.de/augen-c-397", "https://www.apotheke.de/ohrgesundheit-c-403", "https://www.apotheke.de/haut-und-haar-c-263", "https://www.apotheke.de/fusspflege-c-554", "https://www.apotheke.de/haarausfall-c-327", "https://www.apotheke.de/haut-haare-naegel-c-1141", "https://www.apotheke.de/hautpflege-c-548", "https://www.apotheke.de/laeuse-co-c-556", "https://www.apotheke.de/lippenherpes-c-290", "https://www.apotheke.de/pilzerkrankung-c-329", "https://www.apotheke.de/warzen-c-330", "https://www.apotheke.de/wundheilung-c-328", "https://www.apotheke.de/cortisonsalbe-c-3326", "https://www.apotheke.de/kraetze-behandlung-c-4056", "https://www.apotheke.de/magen-und-darm-c-266", "https://www.apotheke.de/abfuehrmittel-c-4144", "https://www.apotheke.de/blaehungen-und-voellegefuehl-c-305", "https://www.apotheke.de/darmsanierung-produkte-c-5049", "https://www.apotheke.de/durchfall-c-306", "https://www.apotheke.de/erbrechen-und-belkeit-c-2137", "https://www.apotheke.de/haemorrhoiden-c-307", "https://www.apotheke.de/laktoseintoleranz-c-2066", "https://www.apotheke.de/leberschutz-c-407", "https://www.apotheke.de/magen-darm-grippe-c-3806", "https://www.apotheke.de/probiotik-c-2513", "https://www.apotheke.de/sodbrennen-c-308", "https://www.apotheke.de/verdauung-c-309", "https://www.apotheke.de/verstopfung-c-310", "https://www.apotheke.de/schmerzmittel-c-269", "https://www.apotheke.de/schmerzmittel-allgemein-c-434", "https://www.apotheke.de/schmerzmittel-bei-entzuendungen-c-314", "https://www.apotheke.de/schmerzmittel-gelenke-ruecken-c-582", "https://www.apotheke.de/kopfschmerzen-c-572", "https://www.apotheke.de/ohrenschmerzen-c-315", "https://www.apotheke.de/regelschmerzen-c-466", "https://www.apotheke.de/schmerzmittel-wirkstoffe-c-460", "https://www.apotheke.de/schmerzmittel-beliebte-produkte-c-3853", "https://www.apotheke.de/zahnschmerzen-c-319", "https://www.apotheke.de/schmerzmittel-marken-c-1776", "https://www.apotheke.de/familie-c-260", "https://www.apotheke.de/familie-allgemein-c-422", "https://www.apotheke.de/baby-und-kind-c-276", "https://www.apotheke.de/frau-und-mutter-c-535", "https://www.apotheke.de/gesunde-naschereien-c-515", "https://www.apotheke.de/schwangerschaftstest-c-278", "https://www.apotheke.de/sex-lifestyle-c-1526", "https://www.apotheke.de/stillzeit-c-3790", "https://www.apotheke.de/tee-c-2327", "https://www.apotheke.de/verhuetung-c-279", "https://www.apotheke.de/kosmetik-und-pflege-c-265", "https://www.apotheke.de/koerperpflege-c-299", "https://www.apotheke.de/naturkosmetik-c-4137", "https://www.apotheke.de/gesichtspflege-c-294", "https://www.apotheke.de/babypflege-c-439", "https://www.apotheke.de/maennerpflege-c-2495", "https://www.apotheke.de/sonnenschutz-c-300", "https://www.apotheke.de/schwangerschaft-c-277", "https://www.apotheke.de/wellness-c-443", "https://www.apotheke.de/schoenheit-von-innen-c-3477", "https://www.apotheke.de/kosmetikmarken-c-1775", "https://www.apotheke.de/tierversuchsfreie-kosmetik-c-4080", "https://www.apotheke.de/muskeln-und-gelenke-c-268", "https://www.apotheke.de/gelenke-allgemein-c-433", "https://www.apotheke.de/arthrose-gelenke-c-478", "https://www.apotheke.de/bandagen-c-3817", "https://www.apotheke.de/gelenke-ruecken-c-2202", "https://www.apotheke.de/muskelkraempfe-c-480", "https://www.apotheke.de/osteoporose-c-481", "https://www.apotheke.de/prellung-zerrung-verstauchung-c-479", "https://www.apotheke.de/rheumatische-erkrankung-c-477", "https://www.apotheke.de/vital-und-mineralstoffe-c-270", "https://www.apotheke.de/aufbaupraeparate-c-1140", "https://www.apotheke.de/ernaehrungsmedizin-c-322", "https://www.apotheke.de/lebensqualitaet-c-324", "https://www.apotheke.de/mineralstoffe-c-2640", "https://www.apotheke.de/multivitamine-c-321", "https://www.apotheke.de/vitamine-allgemein-c-435", "https://www.apotheke.de/zu-den-marken-c-1145", "https://www.apotheke.de/antioxidantien-c-3528", "https://www.apotheke.de/herz-und-kreislauf-c-588", "https://www.apotheke.de/arterielle-durchblutungsstoerung-c-589", "https://www.apotheke.de/blutarmut-c-593", "https://www.apotheke.de/diabetes-c-2059", "https://www.apotheke.de/erhoehte-blutfette-c-592", "https://www.apotheke.de/gedaechtnis-konzentration-c-2064", "https://www.apotheke.de/herz-staerken-c-274", "https://www.apotheke.de/kreislauf-unterstuetzen-c-590", "https://www.apotheke.de/medizinische-geraete-blutdruck-c-472", "https://www.apotheke.de/venenerkrankung-c-591", "https://www.apotheke.de/herz-kreislauf-zubehoer-c-2457", "https://www.apotheke.de/allergie-c-258", "https://www.apotheke.de/allerg-bindehautentzuendung-c-559", "https://www.apotheke.de/allergietabletten-und-tropfen-c-388", "https://www.apotheke.de/allergische-hauterkrankung-c-558", "https://www.apotheke.de/allergischer-schnupfen-c-560", "https://www.apotheke.de/allergie-pakete-und-kombipackungen-c-394", "https://www.apotheke.de/allergie-wirkstoffe-c-5035", "https://www.apotheke.de/allergiesaft-c-4053", "https://www.apotheke.de/harnwege-blase-c-594", "https://www.apotheke.de/blasenentzuendung-c-2549", "https://www.apotheke.de/blasenprobleme-c-595", "https://www.apotheke.de/entwaesserung-c-596", "https://www.apotheke.de/inkontinenz-c-597", "https://www.apotheke.de/prostatabeschwerden-c-598", "https://www.apotheke.de/naturheilkunde-c-264", "https://www.apotheke.de/naturheilkunde-hersteller-c-415", "https://www.apotheke.de/pflanzlich-abnehmen-c-372", "https://www.apotheke.de/pflanzliche-allergiemittel-c-371", "https://www.apotheke.de/pflanzliche-augenmittel-c-380", "https://www.apotheke.de/pflanzlich-baby-und-kind-c-370", "https://www.apotheke.de/entschlackung-c-376", "https://www.apotheke.de/pflanzliche-erkaeltungsmittel-c-369", "https://www.apotheke.de/pflanzliche-mittel-hauterkrankungen-c-378", "https://www.apotheke.de/pflanzlich-magen-darm-c-2087", "https://www.apotheke.de/pflanzlich-muskeln-und-gelenke-c-374", "https://www.apotheke.de/pflanzlich-nerven-beruhigung-c-2088", "https://www.apotheke.de/pflanzliche-ohrentropfen-c-381", "https://www.apotheke.de/pflanzlich-schwindel-uebelkeit-c-375", "https://www.apotheke.de/pflanzlich-taschenapotheke-c-414", "https://www.apotheke.de/pflanzlich-wechseljahre-c-377", "https://www.apotheke.de/stimmungsaufheller-c-4055", "https://www.apotheke.de/reise-und-hausapotheke-c-262", "https://www.apotheke.de/reiseapotheke-augen-c-483", "https://www.apotheke.de/reiseapotheke-beruhigung-und-schlaf-c-505", "https://www.apotheke.de/reiseapotheke-durchfall-c-499", "https://www.apotheke.de/reiseapotheke-erkaeltung-grippe-c-494", "https://www.apotheke.de/insektenschutz-c-509", "https://www.apotheke.de/reiseapotheke-mund-c-491", "https://www.apotheke.de/reiseapotheke-ohren-c-488", "https://www.apotheke.de/reisekrankheit-c-508", "https://www.apotheke.de/reiseapotheke-schmerzen-fieber-c-511", "https://www.apotheke.de/sonnenbrand-insektenstich-c-510", "https://www.apotheke.de/sonnenschutz-c-512", "https://www.apotheke.de/taschenapotheken-c-340", "https://www.apotheke.de/wundversorgung-c-502", "https://www.apotheke.de/tierarznei-c-1231", "https://www.apotheke.de/medikamente-fuer-hunde-c-1532", "https://www.apotheke.de/medikamente-fuer-katzen-c-1531", "https://www.apotheke.de/selbsttest-c-3612", "https://www.apotheke.de/corona-test-c-6001", "https://www.apotheke.de/alkoholtest-drogentest-c-3613", "https://www.apotheke.de/hiv-selbsttest-c-3761", "https://www.apotheke.de/blutzuckertest-c-3617", "https://www.apotheke.de/cholesterin-test-c-3622", "https://www.apotheke.de/darmkrebs-test-c-3623", "https://www.apotheke.de/urintest-stuhltest-c-3624", "https://www.apotheke.de/test-unvertraeglichkeiten-c-3625", "https://www.apotheke.de/schwangerschafts-ovulationstest-c-3629", "https://www.apotheke.de/sonstige-tests-c-3630", "https://www.apotheke.de/krankenpflege-c-3893", "https://www.apotheke.de/aufbaunahrung-c-3914", "https://www.apotheke.de/einnahmehilfen-c-3917", "https://www.apotheke.de/handschuhe-mundschutz-c-3931", "https://www.apotheke.de/desinfektion-c-500", "https://www.apotheke.de/pflegeboxen-c-5002", "https://www.apotheke.de/pflegeboxen-c-5002", "https://www.apotheke.de/", "https://www.apotheke.de/naturheilkunde-c-264", "https://www.apotheke.de/naturheilkunde-hersteller-c-415", "https://www.apotheke.de/a-pflueger-gmbh-co-kg-c-339", "https://www.apotheke.de/pflueger-homoeopathie-c-2390?layout=list", "javascript:void(0);", "javascript:void(0);", "javascript:void(0);", "javascript:void(0);", "javascript:void(0);", "javascript:void(0);", "javascript:void(0);", "javascript:void(0);", "https://www.apotheke.de/a-pflueger-gmbh-co-kg-c-339", "https://www.apotheke.de/a-pflueger-gmbh-co-kg-c-339", "https://www.apotheke.de/derivatio-tabletten-200stk-pzn-02782283", "https://www.apotheke.de/derivatio-tabletten-200stk-pzn-02782283", "https://www.apotheke.de/derivatio-tabletten-200stk-pzn-02782283", "https://www.apotheke.de/derivatio-tabletten-200stk-pzn-02782283/erfahrungen", "https://www.apotheke.de/derivatio-tabletten-200stk-pzn-02782283", "https://www.apotheke.de/derivatio-tabletten-200stk-pzn-02782283", "https://www.apotheke.de/nervoregin-h-tabletten-200stk-pzn-05553784", "https://www.apotheke.de/nervoregin-h-tabletten-200stk-pzn-05553784", "https://www.apotheke.de/nervoregin-h-tabletten-200stk-pzn-05553784", "https://www.apotheke.de/nervoregin-h-tabletten-200stk-pzn-05553784/erfahrungen", "https://www.apotheke.de/nervoregin-h-tabletten-200stk-pzn-05553784", "https://www.apotheke.de/nervoregin-h-tabletten-200stk-pzn-05553784", "https://www.apotheke.de/ranocalcin-tabletten-200stk-pzn-12521514", "https://www.apotheke.de/ranocalcin-tabletten-200stk-pzn-12521514", "https://www.apotheke.de/ranocalcin-tabletten-200stk-pzn-12521514", "https://www.apotheke.de/ranocalcin-tabletten-200stk-pzn-12521514", "https://www.apotheke.de/ranocalcin-tabletten-200stk-pzn-12521514", "https://www.apotheke.de/derivatio-tabletten-100stk-pzn-02782219", "https://www.apotheke.de/derivatio-tabletten-100stk-pzn-02782219", "https://www.apotheke.de/derivatio-tabletten-100stk-pzn-02782219", "https://www.apotheke.de/derivatio-tabletten-100stk-pzn-02782219", "https://www.apotheke.de/derivatio-tabletten-100stk-pzn-02782219", "https://www.apotheke.de/milchsaeure-pflueger-tropfen-100ml-pzn-01222406", "https://www.apotheke.de/milchsaeure-pflueger-tropfen-100ml-pzn-01222406", "https://www.apotheke.de/milchsaeure-pflueger-tropfen-100ml-pzn-01222406", "https://www.apotheke.de/milchsaeure-pflueger-tropfen-100ml-pzn-01222406", "https://www.apotheke.de/milchsaeure-pflueger-tropfen-100ml-pzn-01222406", "https://www.apotheke.de/nervoregin-h-tabletten-100stk-pzn-01315906", "https://www.apotheke.de/nervoregin-h-tabletten-100stk-pzn-01315906", "https://www.apotheke.de/nervoregin-h-tabletten-100stk-pzn-01315906", "https://www.apotheke.de/nervoregin-h-tabletten-100stk-pzn-01315906", "https://www.apotheke.de/nervoregin-h-tabletten-100stk-pzn-01315906", "https://www.apotheke.de/ranocalcin-tabletten-100stk-pzn-10098827", "https://www.apotheke.de/ranocalcin-tabletten-100stk-pzn-10098827", "https://www.apotheke.de/ranocalcin-tabletten-100stk-pzn-10098827", "https://www.apotheke.de/ranocalcin-tabletten-100stk-pzn-10098827", "https://www.apotheke.de/ranocalcin-tabletten-100stk-pzn-10098827", "https://www.apotheke.de/nervoregin-tropfen-100ml-pzn-03811704", "https://www.apotheke.de/nervoregin-tropfen-100ml-pzn-03811704", "https://www.apotheke.de/nervoregin-tropfen-100ml-pzn-03811704", "https://www.apotheke.de/nervoregin-tropfen-100ml-pzn-03811704", "https://www.apotheke.de/nervoregin-tropfen-100ml-pzn-03811704", "https://www.apotheke.de/nervoregin-compositus-h-pflueger-ampullen-10stk-pzn-03678665", "https://www.apotheke.de/nervoregin-compositus-h-pflueger-ampullen-10stk-pzn-03678665", "https://www.apotheke.de/nervoregin-compositus-h-pflueger-ampullen-10stk-pzn-03678665", "https://www.apotheke.de/nervoregin-compositus-h-pflueger-ampullen-10stk-pzn-03678665", "https://www.apotheke.de/nervoregin-compositus-h-pflueger-ampullen-10stk-pzn-03678665", "https://www.apotheke.de/nuxal-compositus-tabletten-100stk-pzn-02888254", "https://www.apotheke.de/nuxal-compositus-tabletten-100stk-pzn-02888254", "https://www.apotheke.de/nuxal-compositus-tabletten-100stk-pzn-02888254", "https://www.apotheke.de/nuxal-compositus-tabletten-100stk-pzn-02888254", "https://www.apotheke.de/nuxal-compositus-tabletten-100stk-pzn-02888254", "https://www.apotheke.de/girheulit-hom-tabletten-200stk-pzn-05553790", "https://www.apotheke.de/girheulit-hom-tabletten-200stk-pzn-05553790", "https://www.apotheke.de/girheulit-hom-tabletten-200stk-pzn-05553790", "https://www.apotheke.de/girheulit-hom-tabletten-200stk-pzn-05553790/erfahrungen", "https://www.apotheke.de/girheulit-hom-tabletten-200stk-pzn-05553790", "https://www.apotheke.de/girheulit-hom-tabletten-200stk-pzn-05553790", "https://www.apotheke.de/tumoglin-h-tropfen-100ml-pzn-04951732", "https://www.apotheke.de/tumoglin-h-tropfen-100ml-pzn-04951732", "https://www.apotheke.de/tumoglin-h-tropfen-100ml-pzn-04951732", "https://www.apotheke.de/tumoglin-h-tropfen-100ml-pzn-04951732", "https://www.apotheke.de/tumoglin-h-tropfen-100ml-pzn-04951732", "https://www.apotheke.de/wibotin-hm-tropfen-100ml-pzn-04636692", "https://www.apotheke.de/wibotin-hm-tropfen-100ml-pzn-04636692", "https://www.apotheke.de/wibotin-hm-tropfen-100ml-pzn-04636692", "https://www.apotheke.de/wibotin-hm-tropfen-100ml-pzn-04636692", "https://www.apotheke.de/wibotin-hm-tropfen-100ml-pzn-04636692", "https://www.apotheke.de/hepagallin-n-100stk-pzn-04491934", "https://www.apotheke.de/hepagallin-n-100stk-pzn-04491934", "https://www.apotheke.de/hepagallin-n-100stk-pzn-04491934", "https://www.apotheke.de/hepagallin-n-100stk-pzn-04491934", "https://www.apotheke.de/hepagallin-n-100stk-pzn-04491934", "https://www.apotheke.de/biodolor-tabletten-100stk-pzn-04531728", "https://www.apotheke.de/biodolor-tabletten-100stk-pzn-04531728", "https://www.apotheke.de/biodolor-tabletten-100stk-pzn-04531728", "https://www.apotheke.de/biodolor-tabletten-100stk-pzn-04531728", "https://www.apotheke.de/biodolor-tabletten-100stk-pzn-04531728", "https://www.apotheke.de/milchsaeure-pflueger-tropfen-50ml-pzn-01222398", "https://www.apotheke.de/milchsaeure-pflueger-tropfen-50ml-pzn-01222398", "https://www.apotheke.de/milchsaeure-pflueger-tropfen-50ml-pzn-01222398", "https://www.apotheke.de/milchsaeure-pflueger-tropfen-50ml-pzn-01222398", "https://www.apotheke.de/milchsaeure-pflueger-tropfen-50ml-pzn-01222398", "https://www.apotheke.de/calculi-h-tropfen-50ml-pzn-04319425", "https://www.apotheke.de/calculi-h-tropfen-50ml-pzn-04319425", "https://www.apotheke.de/calculi-h-tropfen-50ml-pzn-04319425", "https://www.apotheke.de/calculi-h-tropfen-50ml-pzn-04319425", "https://www.apotheke.de/calculi-h-tropfen-50ml-pzn-04319425", "https://www.apotheke.de/minoral-zahncreme-75ml-pzn-12382076", "https://www.apotheke.de/minoral-zahncreme-75ml-pzn-12382076", "https://www.apotheke.de/minoral-zahncreme-75ml-pzn-12382076", "https://www.apotheke.de/minoral-zahncreme-75ml-pzn-12382076", "https://www.apotheke.de/minoral-zahncreme-75ml-pzn-12382076", "https://www.apotheke.de/pfluegerplex-lycopodium-354-tabletten-100stk-pzn-02749883", "https://www.apotheke.de/pfluegerplex-lycopodium-354-tabletten-100stk-pzn-02749883", "https://www.apotheke.de/pfluegerplex-lycopodium-354-tabletten-100stk-pzn-02749883", "https://www.apotheke.de/pfluegerplex-lycopodium-354-tabletten-100stk-pzn-02749883", "https://www.apotheke.de/pfluegerplex-lycopodium-354-tabletten-100stk-pzn-02749883", "https://www.apotheke.de/tumoglin-tabletten-100stk-pzn-04796906", "https://www.apotheke.de/tumoglin-tabletten-100stk-pzn-04796906", "https://www.apotheke.de/tumoglin-tabletten-100stk-pzn-04796906", "https://www.apotheke.de/tumoglin-tabletten-100stk-pzn-04796906", "https://www.apotheke.de/tumoglin-tabletten-100stk-pzn-04796906", "https://www.apotheke.de/nervoregin-tropfen-50ml-pzn-03811006", "https://www.apotheke.de/nervoregin-tropfen-50ml-pzn-03811006", "https://www.apotheke.de/nervoregin-tropfen-50ml-pzn-03811006", "https://www.apotheke.de/nervoregin-tropfen-50ml-pzn-03811006", "https://www.apotheke.de/nervoregin-tropfen-50ml-pzn-03811006", "https://www.apotheke.de/a-bomin-tropfen-50ml-pzn-02297085", "https://www.apotheke.de/a-bomin-tropfen-50ml-pzn-02297085", "https://www.apotheke.de/a-bomin-tropfen-50ml-pzn-02297085", "https://www.apotheke.de/a-bomin-tropfen-50ml-pzn-02297085", "https://www.apotheke.de/a-bomin-tropfen-50ml-pzn-02297085", "https://www.apotheke.de/naranotox-compositus-tropfen-50ml-pzn-01312859", "https://www.apotheke.de/naranotox-compositus-tropfen-50ml-pzn-01312859", "https://www.apotheke.de/naranotox-compositus-tropfen-50ml-pzn-01312859", "https://www.apotheke.de/naranotox-compositus-tropfen-50ml-pzn-01312859", "https://www.apotheke.de/naranotox-compositus-tropfen-50ml-pzn-01312859", "https://www.apotheke.de/milchsaeure-pflueger-injektionsloesung-5-ml-10stk-pzn-01222429", "https://www.apotheke.de/milchsaeure-pflueger-injektionsloesung-5-ml-10stk-pzn-01222429", "https://www.apotheke.de/milchsaeure-pflueger-injektionsloesung-5-ml-10stk-pzn-01222429", "https://www.apotheke.de/milchsaeure-pflueger-injektionsloesung-5-ml-10stk-pzn-01222429", "https://www.apotheke.de/milchsaeure-pflueger-injektionsloesung-5-ml-10stk-pzn-01222429", "https://www.apotheke.de/nuxal-h-tropfen-50ml-pzn-01713185", "https://www.apotheke.de/nuxal-h-tropfen-50ml-pzn-01713185", "https://www.apotheke.de/nuxal-h-tropfen-50ml-pzn-01713185", "https://www.apotheke.de/nuxal-h-tropfen-50ml-pzn-01713185", "https://www.apotheke.de/nuxal-h-tropfen-50ml-pzn-01713185", "https://www.apotheke.de/milchsaeure-pflueger-potenzakkord-iniecto-lsgamp-10stk-pzn-12777225", "https://www.apotheke.de/milchsaeure-pflueger-potenzakkord-iniecto-lsgamp-10stk-pzn-12777225", "https://www.apotheke.de/milchsaeure-pflueger-potenzakkord-iniecto-lsgamp-10stk-pzn-12777225", "https://www.apotheke.de/milchsaeure-pflueger-potenzakkord-iniecto-lsgamp-10stk-pzn-12777225", "https://www.apotheke.de/milchsaeure-pflueger-potenzakkord-iniecto-lsgamp-10stk-pzn-12777225", "https://www.apotheke.de/thyreo-komplex-pflueger-50ml-pzn-05870355", "https://www.apotheke.de/thyreo-komplex-pflueger-50ml-pzn-05870355", "https://www.apotheke.de/thyreo-komplex-pflueger-50ml-pzn-05870355", "https://www.apotheke.de/thyreo-komplex-pflueger-50ml-pzn-05870355", "https://www.apotheke.de/thyreo-komplex-pflueger-50ml-pzn-05870355", "https://www.apotheke.de/chiroplexan-h-tropfen-100ml-pzn-03957000", "https://www.apotheke.de/chiroplexan-h-tropfen-100ml-pzn-03957000", "https://www.apotheke.de/chiroplexan-h-tropfen-100ml-pzn-03957000", "https://www.apotheke.de/chiroplexan-h-tropfen-100ml-pzn-03957000", "https://www.apotheke.de/chiroplexan-h-tropfen-100ml-pzn-03957000", "https://www.apotheke.de/anovin-pflueger-tabletten-100stk-pzn-01179610", "https://www.apotheke.de/anovin-pflueger-tabletten-100stk-pzn-01179610", "https://www.apotheke.de/anovin-pflueger-tabletten-100stk-pzn-01179610", "https://www.apotheke.de/anovin-pflueger-tabletten-100stk-pzn-01179610", "https://www.apotheke.de/anovin-pflueger-tabletten-100stk-pzn-01179610", "https://www.apotheke.de/pfluegerplex-rhododendron-307-h-tabletten-100stk-pzn-00868201", "https://www.apotheke.de/pfluegerplex-rhododendron-307-h-tabletten-100stk-pzn-00868201", "https://www.apotheke.de/pfluegerplex-rhododendron-307-h-tabletten-100stk-pzn-00868201", "https://www.apotheke.de/pfluegerplex-rhododendron-307-h-tabletten-100stk-pzn-00868201", "https://www.apotheke.de/pfluegerplex-rhododendron-307-h-tabletten-100stk-pzn-00868201", "https://www.apotheke.de/disci-bamb-hom-tropfen-50ml-pzn-02749908", "https://www.apotheke.de/disci-bamb-hom-tropfen-50ml-pzn-02749908", "https://www.apotheke.de/disci-bamb-hom-tropfen-50ml-pzn-02749908", "https://www.apotheke.de/disci-bamb-hom-tropfen-50ml-pzn-02749908", "https://www.apotheke.de/disci-bamb-hom-tropfen-50ml-pzn-02749908", "https://www.apotheke.de/vomistop-tabletten-100stk-pzn-04531734", "https://www.apotheke.de/vomistop-tabletten-100stk-pzn-04531734", "https://www.apotheke.de/vomistop-tabletten-100stk-pzn-04531734", "https://www.apotheke.de/vomistop-tabletten-100stk-pzn-04531734", "https://www.apotheke.de/vomistop-tabletten-100stk-pzn-04531734", "https://www.apotheke.de/disci-bamb-hom-iniecto-1-ml-10stk-pzn-01876935", "https://www.apotheke.de/disci-bamb-hom-iniecto-1-ml-10stk-pzn-01876935", "https://www.apotheke.de/disci-bamb-hom-iniecto-1-ml-10stk-pzn-01876935", "https://www.apotheke.de/disci-bamb-hom-iniecto-1-ml-10stk-pzn-01876935", "https://www.apotheke.de/disci-bamb-hom-iniecto-1-ml-10stk-pzn-01876935", "https://www.apotheke.de/chiroplexan-h-iniecto-10x2ml-pzn-04886609", "https://www.apotheke.de/chiroplexan-h-iniecto-10x2ml-pzn-04886609", "https://www.apotheke.de/chiroplexan-h-iniecto-10x2ml-pzn-04886609", "https://www.apotheke.de/chiroplexan-h-iniecto-10x2ml-pzn-04886609", "https://www.apotheke.de/chiroplexan-h-iniecto-10x2ml-pzn-04886609", "https://www.apotheke.de/asthma-hm-iniecto-ampullen-10x2ml-pzn-01876740", "https://www.apotheke.de/asthma-hm-iniecto-ampullen-10x2ml-pzn-01876740", "https://www.apotheke.de/asthma-hm-iniecto-ampullen-10x2ml-pzn-01876740", "https://www.apotheke.de/asthma-hm-iniecto-ampullen-10x2ml-pzn-01876740", "https://www.apotheke.de/asthma-hm-iniecto-ampullen-10x2ml-pzn-01876740", "https://www.apotheke.de/pfluegerplex-colocynthis-192-h-tropfen-50ml-pzn-02888260", "https://www.apotheke.de/pfluegerplex-colocynthis-192-h-tropfen-50ml-pzn-02888260", "https://www.apotheke.de/pfluegerplex-colocynthis-192-h-tropfen-50ml-pzn-02888260", "https://www.apotheke.de/pfluegerplex-colocynthis-192-h-tropfen-50ml-pzn-02888260", "https://www.apotheke.de/pfluegerplex-colocynthis-192-h-tropfen-50ml-pzn-02888260", "https://www.apotheke.de/thuja-extern-tinktur-pflueger-20ml-pzn-18757838", "https://www.apotheke.de/thuja-extern-tinktur-pflueger-20ml-pzn-18757838", "https://www.apotheke.de/thuja-extern-tinktur-pflueger-20ml-pzn-18757838", "https://www.apotheke.de/thuja-extern-tinktur-pflueger-20ml-pzn-18757838", "https://www.apotheke.de/thuja-extern-tinktur-pflueger-20ml-pzn-18757838", "https://www.apotheke.de/pfluegerplex-cuprum-145-h-tropfen-50ml-pzn-00576674", "https://www.apotheke.de/pfluegerplex-cuprum-145-h-tropfen-50ml-pzn-00576674", "https://www.apotheke.de/pfluegerplex-cuprum-145-h-tropfen-50ml-pzn-00576674", "https://www.apotheke.de/pfluegerplex-cuprum-145-h-tropfen-50ml-pzn-00576674", "https://www.apotheke.de/pfluegerplex-cuprum-145-h-tropfen-50ml-pzn-00576674", "https://www.apotheke.de/pfluegerplex-crocus-328-h-tabletten-100stk-pzn-00714685", "https://www.apotheke.de/pfluegerplex-crocus-328-h-tabletten-100stk-pzn-00714685", "https://www.apotheke.de/pfluegerplex-crocus-328-h-tabletten-100stk-pzn-00714685", "https://www.apotheke.de/pfluegerplex-crocus-328-h-tabletten-100stk-pzn-00714685", "https://www.apotheke.de/pfluegerplex-crocus-328-h-tabletten-100stk-pzn-00714685", "https://www.apotheke.de/cereginkgo-h-tropfen-100ml-pzn-01006298", "https://www.apotheke.de/cereginkgo-h-tropfen-100ml-pzn-01006298", "https://www.apotheke.de/cereginkgo-h-tropfen-100ml-pzn-01006298", "https://www.apotheke.de/cereginkgo-h-tropfen-100ml-pzn-01006298", "https://www.apotheke.de/cereginkgo-h-tropfen-100ml-pzn-01006298", "https://www.apotheke.de/colchicum-comp-pflueger-tropfen-100ml-pzn-03157274", "https://www.apotheke.de/colchicum-comp-pflueger-tropfen-100ml-pzn-03157274", "https://www.apotheke.de/colchicum-comp-pflueger-tropfen-100ml-pzn-03157274", "https://www.apotheke.de/colchicum-comp-pflueger-tropfen-100ml-pzn-03157274", "https://www.apotheke.de/colchicum-comp-pflueger-tropfen-100ml-pzn-03157274", "https://www.apotheke.de/pfluegers-frauentonikum-hm-tropfen-200ml-pzn-00624657", "https://www.apotheke.de/pfluegers-frauentonikum-hm-tropfen-200ml-pzn-00624657", "https://www.apotheke.de/pfluegers-frauentonikum-hm-tropfen-200ml-pzn-00624657", "https://www.apotheke.de/pfluegers-frauentonikum-hm-tropfen-200ml-pzn-00624657", "https://www.apotheke.de/pfluegers-frauentonikum-hm-tropfen-200ml-pzn-00624657", "https://www.apotheke.de/pfluegerplex-carduus-351-h-tabletten-100stk-pzn-00895474", "https://www.apotheke.de/pfluegerplex-carduus-351-h-tabletten-100stk-pzn-00895474", "https://www.apotheke.de/pfluegerplex-carduus-351-h-tabletten-100stk-pzn-00895474", "https://www.apotheke.de/pfluegerplex-carduus-351-h-tabletten-100stk-pzn-00895474", "https://www.apotheke.de/pfluegerplex-carduus-351-h-tabletten-100stk-pzn-00895474", "https://www.apotheke.de/naranocut-h-tabletten-100stk-pzn-04638610", "https://www.apotheke.de/naranocut-h-tabletten-100stk-pzn-04638610", "https://www.apotheke.de/naranocut-h-tabletten-100stk-pzn-04638610", "https://www.apotheke.de/naranocut-h-tabletten-100stk-pzn-04638610", "https://www.apotheke.de/naranocut-h-tabletten-100stk-pzn-04638610", "https://www.apotheke.de/rauwolsan-komplex-pflueger-tropfen-50ml-pzn-05549848", "https://www.apotheke.de/rauwolsan-komplex-pflueger-tropfen-50ml-pzn-05549848", "https://www.apotheke.de/rauwolsan-komplex-pflueger-tropfen-50ml-pzn-05549848", "https://www.apotheke.de/rauwolsan-komplex-pflueger-tropfen-50ml-pzn-05549848", "https://www.apotheke.de/rauwolsan-komplex-pflueger-tropfen-50ml-pzn-05549848", "https://www.apotheke.de/thuja-c30-globuli-pflueger-dosierspender-10g-pzn-18757821", "https://www.apotheke.de/thuja-c30-globuli-pflueger-dosierspender-10g-pzn-18757821", "https://www.apotheke.de/thuja-c30-globuli-pflueger-dosierspender-10g-pzn-18757821", "https://www.apotheke.de/thuja-c30-globuli-pflueger-dosierspender-10g-pzn-18757821", "https://www.apotheke.de/thuja-c30-globuli-pflueger-dosierspender-10g-pzn-18757821", "https://www.apotheke.de/kombi-paket-gegen-unruhe-schlafstoerungen-2pck-pzn-08101825", "https://www.apotheke.de/kombi-paket-gegen-unruhe-schlafstoerungen-2pck-pzn-08101825", "https://www.apotheke.de/kombi-paket-gegen-unruhe-schlafstoerungen-2pck-pzn-08101825", "https://www.apotheke.de/kombi-paket-gegen-unruhe-schlafstoerungen-2pck-pzn-08101825", "https://www.apotheke.de/kombi-paket-gegen-unruhe-schlafstoerungen-2pck-pzn-08101825", "https://www.apotheke.de/kombi-paket-gegen-erkaeltungsbeschwerden-2pck-pzn-08101826", "https://www.apotheke.de/kombi-paket-gegen-erkaeltungsbeschwerden-2pck-pzn-08101826", "https://www.apotheke.de/kombi-paket-gegen-erkaeltungsbeschwerden-2pck-pzn-08101826", "https://www.apotheke.de/kombi-paket-gegen-erkaeltungsbeschwerden-2pck-pzn-08101826", "https://www.apotheke.de/kombi-paket-gegen-erkaeltungsbeschwerden-2pck-pzn-08101826", "https://www.apotheke.de/pflueger-homoeopathie-c-2390?page=2", "https://www.apotheke.de/pflueger-homoeopathie-c-2390?page=2", "https://www.apotheke.de/beiersdorf-ag-c-868", "https://www.apotheke.de/loral-deutschland-gmbh-c-874", "https://www.apotheke.de/klosterfrau-healthcare-group-c-1429", "https://www.apotheke.de/bayer-healthcare-ag-c-855", "https://www.apotheke.de/hexal-c-1648", "https://www.apotheke.de/aspirin-c-312", "https://www.apotheke.de/basica-c-1147", "https://www.apotheke.de/dhu-schuessler-salze-c-379", "https://www.apotheke.de/doppelherz-c-1151", "https://www.apotheke.de/advanced_search_result.php?keywords=Frontline", "https://www.apotheke.de/mucosolvan-c-1037", "https://www.apotheke.de/ratiopharm-c-316", "https://www.apotheke.de/-c-362", "https://www.apotheke.de/advanced_search_result.php?keywords=Thermacare", "https://www.apotheke.de/wick-c-1747", "https://www.apotheke.de/firmen-c-711", "https://www.apotheke.de/sicherheitsserver", "https://www.cbg-meb.nl/onderwerpen/bd-internethandel-diergeneesmiddelen/register-internethandel-diergeneesmiddelen", "", "https://www.apotheke.de/zahlungsarten", "https://www.apotheke.de/zahlungsarten", "https://www.apotheke.de/zahlungsarten", "https://www.apotheke.de/zahlungsarten", "https://www.apotheke.de/liefer-und-versandkosten", "https://www.idealo.de/preisvergleich/Shop/302344.html", "https://www.apotheke.de/show_order_details.php", "https://www.apotheke.de/liefer-und-versandkosten", "https://www.apotheke.de/retouren", "https://www.apotheke.de/kontakt", "https://www.apotheke.de/wechselwirkungscheck", "https://www.apotheke.de/team", "https://www.facebook.com/ApothekedeOnlineapotheke", "https://www.apotheke.de/geschenkideen-c-1178", "https://www.apotheke.de/gesundheitstipps-c-611", "https://www.apotheke.de/versandapotheke", "https://www.apotheke.de/firmen-c-711", "https://www.apotheke.de/online-apotheke", "https://www.apotheke.de/rezeptbestellung", "https://www.apotheke.de/datenschutz", "https://www.apotheke.de/online-streitbeilegung", "https://www.apotheke.de/informationen-zur-batterieverordnung", "https://www.apotheke.de/agb", "https://www.apotheke.de/impressum"]}