{"title": "Sanatison Mono 1,3 % Creme 20 G kaufen | Volksversand Versandapotheke", "author": null, "url": "https://volksversand.de/arzneimittel/sanatison-mono-1-3-creme-20-g-pzn-03482212-3075082", "hostname": "volksversand.de", "description": "Wirkstoff : Hydrocortison Anwendungsgebiete: - Hautentz\u00fcndung, leichte Formen Zusammensetzung bezogen auf 1 g Creme Hydrocortison,Sorbins\u00e4ure, DL -a-Tocopherol,Glycero l...", "sitename": "Volksversand Versandapotheke", "date": "2020-10-05", "id": null, "license": null, "body": null, "comments": "", "commentsbody": null, "raw_text": null, "text": "Der Artikel wurde erfolgreich hinzugef\u00fcgt.\nSanatison Mono 1,3 % Creme 20 G\n- Bei entz\u00fcndlichen Hauterkrankungen\nArtikelnummer:\n3075082\nPZN:\n03482212\nInhalt:\n20 g Creme\nMarke:\nInhalt 20 g Creme\nAVP* 6,75 \u20ac 6,23 \u20ac 0.02 kg (311,50 \u20ac / 1 kg) 7\nP 60 Bonuspunkte sichern\n[Jetzt Bonuspunkte sammeln](/volksversand-bonuspunkte)\nZu Risiken und Nebenwirkungen lesen Sie bitte die Packungsbeilage und fragen Sie Ihre \u00c4rztin, Ihren Arzt oder in Ihrer Apotheke.\n42\n[](https://volksversand.de/arzneimittel/hydrocortison-ratiopharm-0-5-30-g-creme-pzn-09703312-2441962)\n(6)\n[Hydrocortison-ratiopharm 0,5%](https://volksversand.de/arzneimittel/hydrocortison-ratiopharm-0-5-30-g-creme-pzn-09703312-2441962)\nBei Entz\u00fcndungssymptomen der Haut\nAVP* 10,48 \u20ac 5,99 \u20ac\nInhalt 30 g Creme\n0.03 kg (199,67 \u20ac / 1 kg)\n0.03 kg (199,67 \u20ac / 1 kg)\n41\n[](https://volksversand.de/artikel/fenistil-kuehl-roll-on-8-ml-pzn-04074946-2076206)\n(53)\n[Fenistil K\u00fchl Roll-on](https://volksversand.de/artikel/fenistil-kuehl-roll-on-8-ml-pzn-04074946-2076206)\nBei Juckreiz und Brennen\nUVP 8,50 \u20ac 4,99 \u20ac\nInhalt 8 ml Gel\n0.008 l (623,75 \u20ac / 1 l)\n0.008 l (623,75 \u20ac / 1 l)\n40\nGRATIS\nVersand\nVersand\n[](https://volksversand.de/beauty-und-pflege/zinksalbe-medibond-50-ml-2983724)\n(26)\n[Zinksalbe Medibond](https://volksversand.de/beauty-und-pflege/zinksalbe-medibond-50-ml-2983724)\nBei rissiger & ger\u00f6teter Haut\nUVP 9,95 \u20ac 5,95 \u20ac\nInhalt 50 ml Salbe\n0.05 l (119,00 \u20ac / 1 l)\n0.05 l (119,00 \u20ac / 1 l)\n23\nGRATIS\nVersand\nVersand\n[](https://volksversand.de/beauty-und-pflege/la-roche-posay-effaclar-duo-lsf30-40-ml-creme-gratis-effaclar-gel-50-ml-pzn-12828709-2976348)\n(3)\n[La Roche Posay Effaclar Duo+ LSF30 40 ml Creme...](https://volksversand.de/beauty-und-pflege/la-roche-posay-effaclar-duo-lsf30-40-ml-creme-gratis-effaclar-gel-50-ml-pzn-12828709-2976348)\nZur Hautpflege\nUVP 20,90 \u20ac 15,99 \u20ac\nInhalt 40 ml Creme\n0.04 l (399,75 \u20ac / 1 l)\n0.04 l (399,75 \u20ac / 1 l)\n7\n[](https://volksversand.de/beauty-und-pflege/cerave-porentiefe-reinigung-gel-236-ml-gratis-5-ml-pzn-18168757-3163201)\n(3)\n[Cerave porentiefe Reinigung + gratis 5 ml](https://volksversand.de/beauty-und-pflege/cerave-porentiefe-reinigung-gel-236-ml-gratis-5-ml-pzn-18168757-3163201)\nPorentiefe Reinigung\nUVP 11,90 \u20ac 10,99 \u20ac\nInhalt 236 ml Gel\n0.236 l (46,57 \u20ac / 1 l)\n0.236 l (46,57 \u20ac / 1 l)\nGRATIS\nVersand\nVersand\n[](https://volksversand.de/familie-und-baby/linola-schutz-balsam-100-ml-gratis-linola-dusch-und-wasch-100-ml-pzn-10339828-3177540)\n(68)\n[Linola Schutz-Balsam + gratis Linola Dusch und...](https://volksversand.de/familie-und-baby/linola-schutz-balsam-100-ml-gratis-linola-dusch-und-wasch-100-ml-pzn-10339828-3177540)\nZur Hautpflege\n15,49 \u20ac\nInhalt 100 ml Balsam\n0.1 l (154,90 \u20ac / 1 l)\n0.1 l (154,90 \u20ac / 1 l)\n30\n[](https://volksversand.de/artikel/aloe-vera-gel-200-ml-pzn-03434207-2718740)\n(18)\n[Aloe Vera Gel](https://volksversand.de/artikel/aloe-vera-gel-200-ml-pzn-03434207-2718740)\nZur Hautberuhigung\nUVP 15,75 \u20ac 10,99 \u20ac\nInhalt 200 ml Gel\n0.2 l (54,95 \u20ac / 1 l)\n0.2 l (54,95 \u20ac / 1 l)\n50\n[](https://volksversand.de/arzneimittel/paracetamol-medibond-500mg-schmerztabletten-20-stueck-pzn-13720440-2910792)\n(41)\n[Paracetamol Medibond 500 mg Schmerztabletten](https://volksversand.de/arzneimittel/paracetamol-medibond-500mg-schmerztabletten-20-stueck-pzn-13720440-2910792)\nBei Fieber und Schmerzen\nAVP* 3,20 \u20ac 1,59 \u20ac\nInhalt 20 Tabletten\n60\n[](https://volksversand.de/arzneimittel/ibuprofen-medibond-400mg-schmerztabletten-50-stueck-pzn-12472371-2909844)\n(163)\n[Ibuprofen Medibond 400mg Schmerztabletten](https://volksversand.de/arzneimittel/ibuprofen-medibond-400mg-schmerztabletten-50-stueck-pzn-12472371-2909844)\nBei Schmerzen und Fieber\nAVP* 12,52 \u20ac 4,99 \u20ac\nInhalt 50 Filmtabletten\n7\n[](https://volksversand.de/arzneimittel/hydrocutan-creme-0-5-20-g-creme-pzn-06576818-2450310)\n(1)\n[Hydrocutan Creme 0,5%](https://volksversand.de/arzneimittel/hydrocutan-creme-0-5-20-g-creme-pzn-06576818-2450310)\nBei Entz\u00fcndungssymptomen der Haut\nAVP* 5,81 \u20ac 5,36 \u20ac\nInhalt 20 g Creme\n0.02 kg (268,00 \u20ac / 1 kg)\n0.02 kg (268,00 \u20ac / 1 kg)\n42\n[](https://volksversand.de/arzneimittel/hydrocortison-ratiopharm-0-5-30-g-creme-pzn-09703312-2441962)\n(6)\n[Hydrocortison-ratiopharm 0,5%](https://volksversand.de/arzneimittel/hydrocortison-ratiopharm-0-5-30-g-creme-pzn-09703312-2441962)\nBei Entz\u00fcndungssymptomen der Haut\nAVP* 10,48 \u20ac 5,99 \u20ac\nInhalt 30 g Creme\n0.03 kg (199,67 \u20ac / 1 kg)\n0.03 kg (199,67 \u20ac / 1 kg)\n45\n[](https://volksversand.de/arzneimittel/nasenspray-ratiopharm-erwachsene-2-x-15-ml-pzn-00999848-2277838)\n(837)\n[NasenSpray-ratiopharm Erwachsene](https://volksversand.de/arzneimittel/nasenspray-ratiopharm-erwachsene-2-x-15-ml-pzn-00999848-2277838)\nBei Schnupfen\nAVP* 13,94 \u20ac 7,65 \u20ac\nInhalt 2 x 15 ml Nasenspray\n0.03 l (255,00 \u20ac / 1 l)\n0.03 l (255,00 \u20ac / 1 l)\n64\n[](https://volksversand.de/arzneimittel/pantoprazol-heumann-20-mg-14-magensaftresistente-tabletten-pzn-06429141-2635423)\n(4)\n[Pantoprazol Heumann 20 mg](https://volksversand.de/arzneimittel/pantoprazol-heumann-20-mg-14-magensaftresistente-tabletten-pzn-06429141-2635423)\nBei Sodbrennen\nAVP* 10,66 \u20ac 3,75 \u20ac\nInhalt 14 magensaftresistente Tabl.\n28\n[](https://volksversand.de/arzneimittel/tantum-verde-1-5-mg-pro-ml-spray-zur-anwendung-in-der-mundhoehle-30-ml-spray-pzn-11104004-2795631)\n(3)\n[Tantum Verde 1,5 mg pro ml Spray zur Anwendung...](https://volksversand.de/arzneimittel/tantum-verde-1-5-mg-pro-ml-spray-zur-anwendung-in-der-mundhoehle-30-ml-spray-pzn-11104004-2795631)\nBei Halsschmerzen\nAVP* 12,53 \u20ac 8,99 \u20ac\nInhalt 30 ml Spray\n0.03 l (299,67 \u20ac / 1 l)\n0.03 l (299,67 \u20ac / 1 l)\n8\n[](https://volksversand.de/arzneimittel/pvp-jod-salbe-lichtenstein-25-g-pzn-07512358-2107811)\n(5)\n[PVP Jod Salbe Lichtenstein](https://volksversand.de/arzneimittel/pvp-jod-salbe-lichtenstein-25-g-pzn-07512358-2107811)\nHautantiseptikum\nAVP* 4,34 \u20ac 3,99 \u20ac\nInhalt 25 g Salbe\n0.025 kg (159,60 \u20ac / 1 kg)\n0.025 kg (159,60 \u20ac / 1 kg)\n27\n[](https://volksversand.de/arzneimittel/hydrocortison-ratiopharm-0-5-30-ml-spray-pzn-05024376-2441806)\n(3)\n[Hydrocortison-Ratiopharm 0,5%](https://volksversand.de/arzneimittel/hydrocortison-ratiopharm-0-5-30-ml-spray-pzn-05024376-2441806)\nBei Entz\u00fcndungssymptomen der Haut\nAVP* 11,08 \u20ac 7,99 \u20ac\nInhalt 30 ml Spray\n0.03 l (266,33 \u20ac / 1 l)\n0.03 l (266,33 \u20ac / 1 l)\n24\n[](https://volksversand.de/arzneimittel/soventol-hydrocort-0-5-30-g-creme-pzn-04465138-2110856)\n(18)\n[Soventol HydroCort 0,5%](https://volksversand.de/arzneimittel/soventol-hydrocort-0-5-30-g-creme-pzn-04465138-2110856)\nBei Entz\u00fcndungssymptomen der Haut\nAVP* 15,97 \u20ac 11,99 \u20ac\nInhalt 30 g Creme\n0.03 kg (399,67 \u20ac / 1 kg)\n0.03 kg (399,67 \u20ac / 1 kg)\n59\n[](https://volksversand.de/arzneimittel/loperamid-ratiopharm-akut-2-mg-10-filmtabletten-pzn-00251191-2051191)\n(24)\n[Loperamid-ratiopharm akut 2 mg](https://volksversand.de/arzneimittel/loperamid-ratiopharm-akut-2-mg-10-filmtabletten-pzn-00251191-2051191)\nBei akutem Durchfall\nAVP* 4,97 \u20ac 1,99 \u20ac\nInhalt 10 Filmtabletten\n70\n[](https://volksversand.de/arzneimittel/cetirizin-ratiopharm-bei-allergien-100-filmtabletten-pzn-02158165-2010015)\n(31)\n[Cetirizin-ratiopharm bei Allergien](https://volksversand.de/arzneimittel/cetirizin-ratiopharm-bei-allergien-100-filmtabletten-pzn-02158165-2010015)\nBei Allergien\nAVP* 37,66 \u20ac 10,99 \u20ac\nInhalt 100 Filmtabletten\nWirkstoff : Hydrocortison Anwendungsgebiete: - Hautentz\u00fcndung, leichte Formen...\n[mehr](#)\nProduktinformationen \"Sanatison Mono 1,3 % Creme 20 G\"\nWirkstoff : Hydrocortison\nAnwendungsgebiete:\n- Hautentz\u00fcndung, leichte Formen\nZusammensetzung bezogen auf 1 g Creme\nHydrocortison,Sorbins\u00e4ure,DL-a-Tocopherol,Glycero l 85%,Glycerol(mono/di/tri)isostearat,Hexyldodecanoat,Magnesiumsulfat-7-Wasser,Bittersalz,Paraffin, d\u00fcnnfl\u00fcssiges,Rizinu s\u00f6l, hydriertes,Polyglyceryl-3 oleat,THG-Wachs WX,Vaselin, wei\u00dfes,Maiskeim\u00f6l,Weizenkeim\u00f6l, nativ,Retinol palmitat,Wasser , gereinigtes\nAnwendungsgebiete:\n- Hautentz\u00fcndung, leichte Formen\nZusammensetzung bezogen auf 1 g Creme\nHydrocortison,Sorbins\u00e4ure,DL-a-Tocopherol,Glycero l 85%,Glycerol(mono/di/tri)isostearat,Hexyldodecanoat,Magnesiumsulfat-7-Wasser,Bittersalz,Paraffin, d\u00fcnnfl\u00fcssiges,Rizinu s\u00f6l, hydriertes,Polyglyceryl-3 oleat,THG-Wachs WX,Vaselin, wei\u00dfes,Maiskeim\u00f6l,Weizenkeim\u00f6l, nativ,Retinol palmitat,Wasser , gereinigtes\nHersteller:\nROBUGEN GmbH & Co.KG Alleenstr. D. 73730, Esslingen\nweitere Informationen \"Sanatison Mono 1,3 % Creme 20 G\"\nHydrocortison\n- Hautentz\u00fcndung, leichte Formen\nDie Gesamtdosis sollte nicht ohne R\u00fccksprache mit einer \u00c4rztin, einem einem Arzt oder Apotheker \u00fcberschritten werden.\nArt der Anwe ndung?\nTragen Sie das Arzneimittel auf die betroffene(n) Hautstelle(n) auf. Waschen Sie nach der Anwendung gr\u00fcndl ich die H\u00e4nde. Vermeiden Sie den versehentlichen Kontakt mit Schleimh\u00e4uten, Augen und offenen Hautstellen.\nDau er der Anwendung?\nDie Anwendungsdauer richtet sich nach Art der Beschwerde und/oder Dauer der Erkrankung und wird deshalb nur von Ihrem Arzt bestimmt. Kinder und Jugendliche bis 18 Jahre: Maximale Behandlungsdauer: 2 Wochen, Erwachse ne: Maximale Behandlungsdauer: 4 Wochen\n\u00dcberdosierung?\nWird das Arzneimittel wie beschrieben angewendet , sind keine \u00dcberdosierungserscheinungen bekannt. Bei l\u00e4nger andauernder Anwendung kann es unter anderem zu Steroidakne, Erweiterung kleiner Hautgef\u00e4\u00dfe, Hautfarbenver\u00e4nderung und Hautverd\u00fcnnung kommen. Im Zweifelsfall wenden Sie sich an Ihr en Arzt.\nAnwendung vergessen?\nSetzen Sie die Anwendung zum n\u00e4chsten vorgeschriebenen Zeitpunkt ganz nor mal (also nicht mit der doppelten Menge) fort.\nGenerell gilt: Achten Sie vor allem bei S\u00e4uglingen, Kleinkindern u nd \u00e4lteren Menschen auf eine gewissenhafte Dosierung. Im Zweifelsfalle fragen Sie Ihre \u00c4rztin, Ihren Arzt oder in der Apothetheke nach etwaige n Auswirkungen oder Vorsichtsma\u00dfnahmen.\nEine vom Arzt verordnete Dosierung kann von den Angaben der Packungsbeila ge abweichen. Da der Arzt sie individuell abstimmt, sollten Sie das Arzneimittel daher nach seinen Anweisungen anwenden.\nWie wirkt der Inhaltsstoff des Arzneimittels?\nDer Wirkstoff ist ein verwandter Stoff zum Kortison. Kortiso n ist ein Hormon, das vom K\u00f6rper auch selbst hergestellt wird.\nBei Verletzungen l\u00e4uft die k\u00f6rpereigene Abwehr auf Hoc htouren, etliche Botenstoffe und Abwehrzellen str\u00f6men zum Ort des Geschehens und vernichten eingedrungene Erreger und du rch die Verletzung entstandene Zelltr\u00fcmmer oder Blutgerinnsel. Diese Arbeit f\u00fchrt in dem betroffenen Gebiet zu Entz\u00fcndun gen und damit verbunden zu Schwellungen, R\u00f6tungen und letztlich zu Schmerzen. Der Wirkstoff drosselt diese k\u00f6rpereigenen Abwehrmechanismen, besonders wenn sie - wie etwa bei Allergien - zu \u00fcbertrieben ausf\u00e4llt. Er wirkt vor allem auf der Ha ut entz\u00fcndungshemmend und beseitigt Juckreiz, R\u00f6tungen, Schwellungen und Pusteln.\nWas spricht gegen eine Anwendung?\n- \u00dcberempfindlichkeit gegen die Inhaltsstoffe\n- Virusinfektionen der Haut, z.B.:\n- Windpocken\n- Herpes-Infektionen\n- Bakterieninfektionen der Haut, wie:\n- Hauttuberkulose\n- Syphilis (Lues) (Geschlechts- und Hautkrankheit)\n- Akne\n- Periorale Dermatitis (akne\u00e4hnliche entz\u00fcndliche Haut erkrankung im Mundbereich)\n- Rosacea (entz\u00fcndliche Hauterkrankung im Gesichtsbereich)\n- Pilzinfektionen der Haut - Nach einer Impfung auftretende Hautreaktion\nWas ist mit Schwangerschaft und Stillzeit?\n- Schwangers chaft: Wenden Sie sich an Ihren Arzt. Es spielen verschiedene \u00dcberlegungen eine Rolle, ob und wie das Arzneimittel in de r Schwangerschaft angewendet werden kann.\n- Stillzeit: Wenden Sie sich an Ihre \u00c4rztin. Ihren Arzt oder Apotheker. Er wird Ihre bes ondere Ausgangslage pr\u00fcfen und Sie entsprechend beraten, ob und wie Sie mit dem Stillen weitermachen k\u00f6nnen.\nIst Ihnen das Arzneimittel trotz einer Gegenanzeige verordnet worden, sprechen Sie mit Ihrer \u00c4rztin, Ihrem Arzt oder Apotheker. Der therap eutische Nutzen kann h\u00f6her sein, als das Risiko, das die Anwendung bei einer Gegenanzeige in sich birgt.\nWelche unerw\u00fcnschten Wirkungen k\u00f6nnen auftreten?\nF\u00fcr das Arzneimittel sind nur Nebenwirkungen beschrieben, die bisher nur in Ausnahmef\u00e4llen aufgetreten sind.\nBemerken Sie eine Befindlichkeitsst\u00f6rung oder Ver\u00e4nderung w\u00e4h rend der Behandlung, wenden Sie sich an Ihren Arzt oder Apotheker.\nF\u00fcr die Information an dieser Stelle werden vo r allem Nebenwirkungen ber\u00fccksichtigt, die bei mindestens einem von 1.000 behandelten Patienten auftreten.\nWas sollten Sie beachten?\n- Vorsicht bei Kortikoid-Allergie (z.B. Kortison)!\n- Vorsicht bei Allergie gegen das Konservierungsmittel Sorbins\u00e4ure (E-Nummer E 200, E 201, E 202, E 203)!\n- Vorsicht bei Allergie gegen Paraffin! - Vorsicht bei Allergie gegen Weizen- und Roggenmehl, evtl. auch bei Vorliegen einer Pollen-Allergie (Heuschnupfen)!\nZusammensetzung bezogen auf 1 g Creme\nHydrocortison,Sorbins\u00e4ure, DL -a-Tocopherol,Glycero l 85%,Glycerol(mono/di/tri)isostearat,Hexyldodecanoat,Magnesiumsulfat-7-Wasser,Bittersalz,Paraffin, d\u00fcnnfl\u00fcssiges,Rizinu s\u00f6l, hydriertes,Polyglyceryl-3 oleat,THG-Wachs WX,Vaselin, wei\u00dfes,Maiskeim\u00f6l,Weizenkeim\u00f6l, nativ,Retinol palmitat,Wasser , gereinigtes\nBewertungen lesen, schreiben und diskutieren...\n[mehr](#)\nBewertungen und Erfahrungen zu \"Sanatison Mono 1,3 % Creme 20 G\". Das meinen unsere Kunden zu diesem Produkt:\nBewertung schreiben\nBewertungen werden nach \u00dcberpr\u00fcfung freigeschaltet\nCookie-Einstellungen\nHier k\u00f6nnen Sie Ihre pers\u00f6nlichen Einstellungen vornehmen. F\u00fcr ein bestm\u00f6gliches Einkaufserlebnis empfehlen wir Ihnen, alle Cookies zuzulassen.\nKonfiguration\nTechnisch erforderlich\nDiese Cookies sind f\u00fcr die Grundfunktionen des Shops notwendig.\nKomfortfunktionen\nDiese Cookies werden genutzt um das Einkaufserlebnis noch ansprechender zu gestalten, beispielsweise f\u00fcr die Wiedererkennung des Besuchers.\nStatistik & Tracking\nDiese Cookies erfassen anonymisierte Informationen f\u00fcr Statistiken und Analysen.\nService-Dienstleister\nAuf unserer Website werden externe Dienstleister eingebunden, die Ihren Service eigenverantwortlich erbringen.\nZuletzt angesehen", "language": null, "image": "https://property.volksversand.de/media/image/e5/23/31/10287348-sanatison_mono_1_3__20_g_creme.jpg", "pagetype": "product", "links": ["https://volksversand.de/", "/ratgeber/", "/faq", "https://volksversand.de/kontaktformular", "https://volksversand.de/volksversand-bonuspunkte", "https://volksversand.de/datenschutz", "https://volksversand.de/rueckrufservice", "https://volksversand.de/versandkosten", "https://volksversand.de/agb", "https://volksversand.de/liefer-und-zahlungsinformationen", "https://volksversand.de/impressum", "https://volksversand.de/widerrufsrecht", "/bonuspunkte", "https://volksversand.de/", "/bewertungen-zertifikate-und-auszeichnungen", "#offcanvas--left", "#show-hide--search", "/bewertungen-zertifikate-und-auszeichnungen", "/arzneimittel/angebote/", "https://volksversand.de/account", "https://volksversand.de/wishlist", "https://volksversand.de/direktbestellung", "https://volksversand.de/checkout/cart", "https://volksversand.de/abnehmen-sport-und-ernaehrung/", "https://volksversand.de/arzneimittel/", "https://volksversand.de/beauty-und-pflege/", "https://volksversand.de/familie-und-baby/", "https://volksversand.de/naturheilmittel-und-homoeopathie/", "https://volksversand.de/tiergesundheit-und-tierbedarf/", "https://volksversand.de/abnehmen-sport-und-ernaehrung/", "https://volksversand.de/abnehmen-sport-und-ernaehrung/diaet-und-abnehmen/", "https://volksversand.de/abnehmen-sport-und-ernaehrung/fitness-und-sportzubehoer/", "https://volksversand.de/abnehmen-sport-und-ernaehrung/gesunde-ernaehrung/", "https://volksversand.de/abnehmen-sport-und-ernaehrung/sportnahrung/", "https://volksversand.de/abnehmen-sport-und-ernaehrung/vegane-nahrungsergaenzung/", "https://volksversand.de/abnehmen-sport-und-ernaehrung/", "https://volksversand.de/arzneimittel/", "https://volksversand.de/arzneimittel/angebote/", "https://volksversand.de/arzneimittel/neu-im-sortiment/", "https://volksversand.de/arzneimittel/gratis-beigaben/", "https://volksversand.de/arzneimittel/allergie-und-heuschnupfen/", "https://volksversand.de/arzneimittel/augen-nase-und-ohren/", "https://volksversand.de/arzneimittel/beruhigung-schlaf-und-wohlbefinden/", "https://volksversand.de/arzneimittel/erkaeltung-und-grippe/", "https://volksversand.de/arzneimittel/haut-haare-und-naegel/", "https://volksversand.de/arzneimittel/knochen-gelenke-und-muskeln/", "https://volksversand.de/arzneimittel/magen-und-darm/", "https://volksversand.de/arzneimittel/reiseapotheke/", "https://volksversand.de/arzneimittel/schmerzmittel/", "https://volksversand.de/arzneimittel/vitamine-und-mineralien/", "https://volksversand.de/arzneimittel/", "https://volksversand.de/beauty-und-pflege/", "https://volksversand.de/beauty-und-pflege/baden-und-duschen/", "https://volksversand.de/beauty-und-pflege/bodylotion-und-koerperpflege/", "https://volksversand.de/beauty-und-pflege/fusscreme/", "https://volksversand.de/beauty-und-pflege/gesichtspflege/", "https://volksversand.de/beauty-und-pflege/haarpflege/", "https://volksversand.de/beauty-und-pflege/handcreme/", "https://volksversand.de/beauty-und-pflege/maennerpflege/", "https://volksversand.de/beauty-und-pflege/narbenpflege/", "https://volksversand.de/beauty-und-pflege/naturkosmetik/", "https://volksversand.de/beauty-und-pflege/sonnenschutz/", "https://volksversand.de/beauty-und-pflege/vegane-kosmetik/", "https://volksversand.de/beauty-und-pflege/wirkstoffe/", "https://volksversand.de/beauty-und-pflege/geschenkideen/", "https://volksversand.de/beauty-und-pflege/sale/", "https://volksversand.de/beauty-und-pflege/", "https://volksversand.de/familie-und-baby/", "https://volksversand.de/familie-und-baby/babynahrung/", "https://volksversand.de/familie-und-baby/fuer-ihn/", "https://volksversand.de/familie-und-baby/fuer-senioren/", "https://volksversand.de/familie-und-baby/fuer-sie/", "https://volksversand.de/familie-und-baby/gesundheit/", "https://volksversand.de/familie-und-baby/haeusliche-pflege-und-hilfsmittel/", "https://volksversand.de/familie-und-baby/hygiene-und-infektionsschutz/", "https://volksversand.de/familie-und-baby/kinderpflaster/", "https://volksversand.de/familie-und-baby/kinderreiseapotheke/", "https://volksversand.de/familie-und-baby/kinder-und-babypflege/", "https://volksversand.de/familie-und-baby/kinderwunsch/", "https://volksversand.de/familie-und-baby/mueckenschutz-und-mueckenstiche/", "https://volksversand.de/familie-und-baby/schwangerschaft/", "https://volksversand.de/familie-und-baby/stillzeit/", "https://volksversand.de/familie-und-baby/verhuetung/", "https://volksversand.de/familie-und-baby/windeln/", "https://volksversand.de/familie-und-baby/zahnen-zahnpflege/", "https://volksversand.de/familie-und-baby/sale/", "https://volksversand.de/familie-und-baby/", "https://volksversand.de/naturheilmittel-und-homoeopathie/", "https://volksversand.de/naturheilmittel-und-homoeopathie/allgemeine-homoeopathie/", "https://volksversand.de/naturheilmittel-und-homoeopathie/anthroposophie/", "https://volksversand.de/naturheilmittel-und-homoeopathie/anwendungsgebiete/", "https://volksversand.de/naturheilmittel-und-homoeopathie/aetherische-oele/", "https://volksversand.de/naturheilmittel-und-homoeopathie/bachblueten/", "https://volksversand.de/naturheilmittel-und-homoeopathie/einzelmittel/", "https://volksversand.de/naturheilmittel-und-homoeopathie/heilerde/", "https://volksversand.de/naturheilmittel-und-homoeopathie/komplexmittel/", "https://volksversand.de/naturheilmittel-und-homoeopathie/schuessler-salze/", "https://volksversand.de/naturheilmittel-und-homoeopathie/weitere-naturheilmittel/", "https://volksversand.de/naturheilmittel-und-homoeopathie/", "https://volksversand.de/tiergesundheit-und-tierbedarf/", "https://volksversand.de/tiergesundheit-und-tierbedarf/hunde/", "https://volksversand.de/tiergesundheit-und-tierbedarf/katzen/", "https://volksversand.de/tiergesundheit-und-tierbedarf/pferde/", "https://volksversand.de/tiergesundheit-und-tierbedarf/weitere-produkte/", "https://volksversand.de/tiergesundheit-und-tierbedarf/", "https://volksversand.de/", "https://volksversand.de/arzneimittel/", "https://volksversand.de/arzneimittel/haut-haare-und-naegel/", "https://volksversand.de/arzneimittel/haut-haare-und-naegel/haut/", "https://volksversand.de/arzneimittel/haut-haare-und-naegel/haut/weitere-produkte/", "#close-categories-menu", "https://volksversand.de/", "https://volksversand.de/", "https://volksversand.de/abnehmen-sport-und-ernaehrung/", "https://volksversand.de/arzneimittel/", "https://volksversand.de/arzneimittel/angebote/", "https://volksversand.de/arzneimittel/neu-im-sortiment/", "https://volksversand.de/arzneimittel/gratis-beigaben/", "https://volksversand.de/arzneimittel/allergie-und-heuschnupfen/", "https://volksversand.de/arzneimittel/augen-nase-und-ohren/", "https://volksversand.de/arzneimittel/beruhigung-schlaf-und-wohlbefinden/", "https://volksversand.de/arzneimittel/blase-nieren-und-prostata/", "https://volksversand.de/arzneimittel/diabetes/", "https://volksversand.de/arzneimittel/erkaeltung-und-grippe/", "https://volksversand.de/arzneimittel/gedaechtnis/", "https://volksversand.de/arzneimittel/gefaesse-und-venen/", "https://volksversand.de/arzneimittel/hausapotheke/", "https://volksversand.de/arzneimittel/haut-haare-und-naegel/", "https://volksversand.de/arzneimittel/haut-haare-und-naegel/haare/", "https://volksversand.de/arzneimittel/haut-haare-und-naegel/haut/", "https://volksversand.de/arzneimittel/haut-haare-und-naegel/haut/blasen-und-huehneraugen/", "https://volksversand.de/arzneimittel/haut-haare-und-naegel/haut/cortisonpraeparate/", "https://volksversand.de/arzneimittel/haut-haare-und-naegel/haut/ekzem/", "https://volksversand.de/arzneimittel/haut-haare-und-naegel/haut/fusspilz/", "https://volksversand.de/arzneimittel/haut-haare-und-naegel/haut/hautpilz/", "https://volksversand.de/arzneimittel/haut-haare-und-naegel/haut/herpes/", "https://volksversand.de/arzneimittel/haut-haare-und-naegel/haut/hornhaut/", "https://volksversand.de/arzneimittel/haut-haare-und-naegel/haut/juckreiz/", "https://volksversand.de/arzneimittel/haut-haare-und-naegel/haut/kraetze/", "https://volksversand.de/arzneimittel/haut-haare-und-naegel/haut/neurodermitis/", "https://volksversand.de/arzneimittel/haut-haare-und-naegel/haut/schuppenflechte/", "https://volksversand.de/arzneimittel/haut-haare-und-naegel/haut/schwitzen-und-gerueche/", "https://volksversand.de/arzneimittel/haut-haare-und-naegel/haut/tattoopflege/", "https://volksversand.de/arzneimittel/haut-haare-und-naegel/haut/verbrennungen-und-verletzungen/", "https://volksversand.de/arzneimittel/haut-haare-und-naegel/haut/warzen/", "https://volksversand.de/arzneimittel/haut-haare-und-naegel/haut/weitere-produkte/", "https://volksversand.de/arzneimittel/haut-haare-und-naegel/naegel/", "https://volksversand.de/arzneimittel/haut-haare-und-naegel/weitere-produkte/", "https://volksversand.de/arzneimittel/herz-kreislauf/", "https://volksversand.de/arzneimittel/knochen-gelenke-und-muskeln/", "https://volksversand.de/arzneimittel/leber-und-galle/", "https://volksversand.de/arzneimittel/magen-und-darm/", "https://volksversand.de/arzneimittel/mund-und-zaehne/", "https://volksversand.de/arzneimittel/raucherentwoehnung/", "https://volksversand.de/arzneimittel/reiseapotheke/", "https://volksversand.de/arzneimittel/schmerzmittel/", "https://volksversand.de/arzneimittel/vitamine-und-mineralien/", "https://volksversand.de/beauty-und-pflege/", "https://volksversand.de/familie-und-baby/", "https://volksversand.de/naturheilmittel-und-homoeopathie/", "https://volksversand.de/tiergesundheit-und-tierbedarf/", "https://volksversand.de/marke/", "https://volksversand.de/ratgeber/", "https://volksversand.de/wirkstoffe/", "", "/faq", "https://volksversand.de/kontaktformular", "https://volksversand.de/volksversand-bonuspunkte", "https://volksversand.de/datenschutz", "https://volksversand.de/rueckrufservice", "https://volksversand.de/versandkosten", "https://volksversand.de/agb", "https://volksversand.de/liefer-und-zahlungsinformationen", "https://volksversand.de/impressum", "https://volksversand.de/widerrufsrecht", "/ratgeber/", "https://volksversand.de/rueckrufservice", "https://volksversand.de/versandkosten", "#product--publish-comment", "#content--product-reviews", "https://www.facebook.com/sharer.php?u=https://volksversand.de/arzneimittel/sanatison-mono-1-3-creme-20-g-pzn-03482212-3075082&p[title]=Sanatison%20Mono%201%2C3%20%25%20Creme%2020%20G", "https://pinterest.com/pin/create/button/?url=https://volksversand.de/arzneimittel/sanatison-mono-1-3-creme-20-g-pzn-03482212-3075082>&description=Sanatison%20Mono%201%2C3%20%25%20Creme%2020%20G", null, "https://volksversand.de/robugen/", "https://volksversand.de/versandkosten", "/volksversand-bonuspunkte", "#content--custom-crossselling", "#", "https://volksversand.de/beauty-und-pflege/dexeryl-creme-500-g-creme-pzn-07379385-2473387", "https://volksversand.de/beauty-und-pflege/dexeryl-creme-500-g-creme-pzn-07379385-2473387", "https://volksversand.de/arzneimittel/hydrocortison-ratiopharm-0-5-30-g-creme-pzn-09703312-2441962", "https://volksversand.de/arzneimittel/hydrocortison-ratiopharm-0-5-30-g-creme-pzn-09703312-2441962", "https://volksversand.de/artikel/fenistil-kuehl-roll-on-8-ml-pzn-04074946-2076206", "https://volksversand.de/artikel/fenistil-kuehl-roll-on-8-ml-pzn-04074946-2076206", "https://volksversand.de/beauty-und-pflege/zinksalbe-medibond-50-ml-2983724", "https://volksversand.de/beauty-und-pflege/zinksalbe-medibond-50-ml-2983724", "https://volksversand.de/beauty-und-pflege/la-roche-posay-effaclar-duo-lsf30-40-ml-creme-gratis-effaclar-gel-50-ml-pzn-12828709-2976348", "https://volksversand.de/beauty-und-pflege/la-roche-posay-effaclar-duo-lsf30-40-ml-creme-gratis-effaclar-gel-50-ml-pzn-12828709-2976348", "https://volksversand.de/beauty-und-pflege/cerave-porentiefe-reinigung-gel-236-ml-gratis-5-ml-pzn-18168757-3163201", "https://volksversand.de/beauty-und-pflege/cerave-porentiefe-reinigung-gel-236-ml-gratis-5-ml-pzn-18168757-3163201", "https://volksversand.de/familie-und-baby/linola-schutz-balsam-100-ml-gratis-linola-dusch-und-wasch-100-ml-pzn-10339828-3177540", "https://volksversand.de/familie-und-baby/linola-schutz-balsam-100-ml-gratis-linola-dusch-und-wasch-100-ml-pzn-10339828-3177540", "https://volksversand.de/artikel/aloe-vera-gel-200-ml-pzn-03434207-2718740", "https://volksversand.de/artikel/aloe-vera-gel-200-ml-pzn-03434207-2718740", "#content--also-bought", "#", "https://volksversand.de/arzneimittel/paracetamol-medibond-500mg-schmerztabletten-20-stueck-pzn-13720440-2910792", "https://volksversand.de/arzneimittel/paracetamol-medibond-500mg-schmerztabletten-20-stueck-pzn-13720440-2910792", "https://volksversand.de/arzneimittel/ibuprofen-medibond-400mg-schmerztabletten-50-stueck-pzn-12472371-2909844", "https://volksversand.de/arzneimittel/ibuprofen-medibond-400mg-schmerztabletten-50-stueck-pzn-12472371-2909844", "https://volksversand.de/arzneimittel/hydrocutan-creme-0-5-20-g-creme-pzn-06576818-2450310", "https://volksversand.de/arzneimittel/hydrocutan-creme-0-5-20-g-creme-pzn-06576818-2450310", "https://volksversand.de/arzneimittel/hydrocortison-ratiopharm-0-5-30-g-creme-pzn-09703312-2441962", "https://volksversand.de/arzneimittel/hydrocortison-ratiopharm-0-5-30-g-creme-pzn-09703312-2441962", "https://volksversand.de/arzneimittel/nasenspray-ratiopharm-erwachsene-2-x-15-ml-pzn-00999848-2277838", "https://volksversand.de/arzneimittel/nasenspray-ratiopharm-erwachsene-2-x-15-ml-pzn-00999848-2277838", "https://volksversand.de/arzneimittel/pantoprazol-heumann-20-mg-14-magensaftresistente-tabletten-pzn-06429141-2635423", "https://volksversand.de/arzneimittel/pantoprazol-heumann-20-mg-14-magensaftresistente-tabletten-pzn-06429141-2635423", "https://volksversand.de/arzneimittel/tantum-verde-1-5-mg-pro-ml-spray-zur-anwendung-in-der-mundhoehle-30-ml-spray-pzn-11104004-2795631", "https://volksversand.de/arzneimittel/tantum-verde-1-5-mg-pro-ml-spray-zur-anwendung-in-der-mundhoehle-30-ml-spray-pzn-11104004-2795631", "https://volksversand.de/arzneimittel/ibu-lysin-hexal-400-mg-50-filmtabletten-pzn-10333719-2645901", "https://volksversand.de/arzneimittel/ibu-lysin-hexal-400-mg-50-filmtabletten-pzn-10333719-2645901", "https://volksversand.de/arzneimittel/pvp-jod-salbe-lichtenstein-25-g-pzn-07512358-2107811", "https://volksversand.de/arzneimittel/pvp-jod-salbe-lichtenstein-25-g-pzn-07512358-2107811", "https://volksversand.de/arzneimittel/hydrocortison-ratiopharm-0-5-30-ml-spray-pzn-05024376-2441806", "https://volksversand.de/arzneimittel/hydrocortison-ratiopharm-0-5-30-ml-spray-pzn-05024376-2441806", "https://volksversand.de/arzneimittel/milax-1-0-suppositorien-10-zaepfchen-pzn-04647595-2458339", "https://volksversand.de/arzneimittel/milax-1-0-suppositorien-10-zaepfchen-pzn-04647595-2458339", "https://volksversand.de/arzneimittel/soventol-hydrocort-0-5-30-g-creme-pzn-04465138-2110856", "https://volksversand.de/arzneimittel/soventol-hydrocort-0-5-30-g-creme-pzn-04465138-2110856", "https://volksversand.de/arzneimittel/aspirin-complex-20-beutel-granulat-pzn-04114918-2080356", "https://volksversand.de/arzneimittel/aspirin-complex-20-beutel-granulat-pzn-04114918-2080356", "https://volksversand.de/arzneimittel/ibu-400-akut-1a-pharma-50-filmtabletten-pzn-03045316-2079689", "https://volksversand.de/arzneimittel/ibu-400-akut-1a-pharma-50-filmtabletten-pzn-03045316-2079689", "https://volksversand.de/arzneimittel/loperamid-ratiopharm-akut-2-mg-10-filmtabletten-pzn-00251191-2051191", "https://volksversand.de/arzneimittel/loperamid-ratiopharm-akut-2-mg-10-filmtabletten-pzn-00251191-2051191", "https://volksversand.de/arzneimittel/cetirizin-ratiopharm-bei-allergien-100-filmtabletten-pzn-02158165-2010015", "https://volksversand.de/arzneimittel/cetirizin-ratiopharm-bei-allergien-100-filmtabletten-pzn-02158165-2010015", "#", "#", "#", "#", "#", "#", "#", "#", "#", "#", "#", "#", "#", "mailto:info@volksversand.de", "/arzneimittel/angebote/", "https://volksversand.de/arzneimittel/angebote/", "https://volksversand.de/arzneimittel/neu-im-sortiment/", "/arzneimittel/", "https://volksversand.de/arzneimittel/erkaeltung-und-grippe/", "https://volksversand.de/arzneimittel/knochen-gelenke-und-muskeln/", "/arzneimittel/hausapotheke/", "https://volksversand.de/arzneimittel/hausapotheke/", "https://volksversand.de/arzneimittel/reiseapotheke/", "/arzneimittel/magen-und-darm/", "https://volksversand.de/arzneimittel/magen-und-darm/abfuehrmittel/", "https://volksversand.de/arzneimittel/magen-und-darm/durchfall/", "/arzneimittel/herz-kreislauf/", "https://volksversand.de/arzneimittel/gedaechtnis/", "https://volksversand.de/arzneimittel/gefaesse-und-venen/", "/naturheilmittel-und-homoeopathie/", "https://volksversand.de/naturheilmittel-und-homoeopathie/bachblueten/", "https://volksversand.de/naturheilmittel-und-homoeopathie/schuessler-salze/", "/beauty-und-pflege/", "https://volksversand.de/beauty-und-pflege/gesichtspflege/anti-aging/", "https://volksversand.de/beauty-und-pflege/gesichtspflege/empfindliche-haut/", "/tiergesundheit-und-tierbedarf/", "https://volksversand.de/tiergesundheit-und-tierbedarf/hunde/", "https://volksversand.de/tiergesundheit-und-tierbedarf/katzen/", "https://www.facebook.com/Volksversand-Versandapotheke-318812651653406", "https://instagram.com/volksversandversandapotheke/", "https://www.pinterest.de/volksversandversandapotheke/", "https://apps.apple.com/de/app/volksversand/id1069713065?mt=8", "https://play.google.com/store/apps/details?id=de.dupp.volkversand&hl=de", "/faq", "/gutscheine", "https://volksversand.de/versandkosten", "https://volksversand.de/liefer-und-zahlungsinformationen", "https://volksversand.de/widerrufsrecht", "javascript:openCookieConsentManager()", "https://volksversand.de/kontaktformular", "https://volksversand.de/rueckrufservice", "https://volksversand.de/kataloganforderung", "/ratgeber/", "/wechselwirkungscheck", "https://volksversand.de/bonuspunkte", "https://volksversand.de/datenschutz", "https://volksversand.de/agb", "https://volksversand.de/impressum", "/ueber-uns", "https://volksversand.de/job-angebote", "/partnerprogramm", "https://volksversand.de/datenschutz", "https://prehledy.sukl.cz/prehledy.html#/lekarny/54346000000?verify=true&referrer=https%3A%2F%2Fwww.volksversand.de%2F", "https://prehledy.sukl.cz/prehledy.html#/lekarny/54346000000?verify=true&referrer=https%3A%2F%2Fwww.volksversand.de%2F", "http://www.uskvbl.cz/en/inspections/lekarny/seznamy/detail?Id=54346000000", "https://prehledy.sukl.cz/prehledy.html#/lekarny/54346000000?verify=true&referrer=https%3A%2F%2Fwww.volksversand.de%2F", "http://www.uskvbl.cz/en/inspections/lekarny/seznamy/detail?Id=54346000000", "/bewertungen-zertifikate-und-auszeichnungen", "/bewertungen-zertifikate-und-auszeichnungen", "/bewertungen-zertifikate-und-auszeichnungen", "/bewertungen-zertifikate-und-auszeichnungen", "/bewertungen-zertifikate-und-auszeichnungen", "https://volksversand.de/datenschutz", "https://volksversand.de/agb", "https://volksversand.de/impressum", "/datenschutz", "/impressum", "#", "javascript:openCookieConsentManager()", "#", "#"]}