{"title": "PDF", "author": "PDF", "url": "www.lokalwerkstatt.de/wp-content/uploads/2021/10/gtnfo_540_web.pdf", "hostname": "PDF", "description": "PDF", "sitename": "PDF", "date": "PDF", "id": "PDF", "license": "PDF", "body": "PDF", "comments": "PDF", "commentsbody": "PDF", "raw_text": "PDF", "text": "Oktober 2021 - Nr. 540 - 46. Jahrgang - Au\ufb02  age 45.000 - gt-info.de - Titelmotiv The Picture BooksSEIT 1976 GANZ VORNE                        AUFLAGE 45.000\nTHEPICTUREBOOKSDAS NEUE ALBUM\nALLE INFOSThe Major Minor\nCollective \nU1_U2_U3_U4_gt!nfo_540.indd   1 28.09.21   14:413Editorial\n4830\nSagt Ihnen die Zahlenkombination 4830  etwas? Bei vielen \u00e4lteren \nG\u00fctersloherinnen und G\u00fcterslohern klingelt es sofort, die j\u00fcn-\ngeren stehen m\u00f6glicherweise vor einem R\u00e4tsel. Ich l\u00f6se auf: Es \nhandelt sich um die alte Postleitzahl von G\u00fctersloh, die aber f\u00fcr \nein ganz neues Format aus der gt!nfo-Welt steht. 4830  hei\u00dft der \nneue Podcast aus der Lokalwerkstatt, der ab sofort an den Start geht. Warum dieser Titel? Er soll irritieren, lokale Verbundenheit \ndokumentieren, gut klingen und alle Generationen mitnehmen. \nIch treffe mich also regelm\u00e4\u00dfig monatlich unter dem Titel 4830  mit \nPers\u00f6nlichkeiten, die etwas mit G\u00fctersloh zu tun haben, die hier leben, die Stadt besuchen oder einfach nur \u201evon hier wech\u201c sind. \nEs ist unglaublich spannend, mit den unterschiedlichsten Personen \nzu sprechen, zu sehen wie sie ticken, wie sie denken und leben. \nDen Anfang macht B\u00fcrgermeister Nobby Morkes (BfGT), der vor \nfast genau einem Jahr sensationell Amtsinhaber Henning Schulz \n(CDU) schlug und ins Rathaus einzog. Ein interessantes Gespr\u00e4ch \nmit einem authentischen Morkes jenseits des B\u00fcrgermeister-b\u00fcros \u2013 ungeschnitten und extrem kurzweilig (trotz einer L\u00e4nge \nvon ungef\u00e4hr 40 Minuten).\nSie sind neugierig geworden? Dann abonnieren Sie am besten \ngleich den Podcast, damit Sie den Start nicht verpassen. 4830 \nfinden Sie ab sofort kostenlos unter Apple Podcasts und Spotify. \nEinfach dort den Namen eingeben und h\u00f6ren. Alle Infos zu dem \nneuen Format finden Sie \u00fcbrigens auf der R\u00fcckseite dieser Aus\n-\ngabe.\nIch w\u00fcnsche Ihnen viel Spa\u00df mit diesem Magazin und dem neuen \nPodcast.\nIhr \nMarkus Corsmeyer\nEditorial:  \nMarkus Corsmeyer\ngt!nfo  \nim Web\nLiebe Kunden: Wir haben st\u00e4ndig eine gro\u00dfe Auswahl an\nneuen Marken-K\u00fchlwaren & -Tiefk\u00fchlwaren im Angebot!!!Cola, Cola Zero, Fanta, Sprite \n0,33 Ltr. Dose \u2013 1 Ltr. = 1,35\u20ac\nChio Popcorn\n120g | 100g = 0,41\u20ac\n+ Pfand\nTwix, MilkyWay, Mars, Bounty \nMinis 275g | 100g = 0,72\u20ac\n1,99\nItalienische Nudeln 1 kg\n0,88HAMMERPREIS!Twix, Snickers, Mars\n5er Pack 200-300g | 100g = 0,72\u20ac\n1,49Coca Cola 4 x 1,5 Ltr.\n1 Ltr. = 0,50\u20acCoca Cola Zero/Light 4 x 0,5 Ltr.\n1 Ltr. = 0,75\u20ac\nMilka Schokolade\n100g TafelnM&M\u2018s Peanut\n300g | 100g = 0,66\u20ac\n1,770,69Milka Gro\u00dftafeln\n250-300g \u2013 100g = 0,59-0,70\u20acMilka Zarte Momente\n159-169g | 100g = 0,76-0,81\u20ac\n1,29\nfunny frisch versch. Sorten\n120-200g | 100g = 0,50-0,83\u20acfunny frisch Linsen Chips\n90g | 100g = 1,10\u20ac\u00fcltje Bar Mix 450g | 100g = 1,11\u20ac\n                                            \u00fcltje Studentenfutter 200g | 100g = 1,15\u20ac\n                                            \u00fcltje Nussmischung 140g | 100g = 1,63\u20ac\n4,99\n2,290,990,990,99 0,99\n2,99 1,49\n+ Pfand\n+ Pfand\n+ Pfand\n+ Pfand\n+ Pfand\n+ Pfand\n+ Pfand\n+ Pfand\n+ Pfand\n+ Pfand\n+ Pfand\n+ Pfand\n+ Pfand\n+ Pfand\n+ Pfand\n+ Pfand\n+ Pfand\n+ Pfand\n+ Pfand\n+ Pfand\n+ Pfand\n+ Pfand\n+ Pfand\n+ Pfand\n+ Pfand\n+ Pfand\n+ Pfand\n+ Pfand\n+ Pfand\n+ Pfand\n+ Pfand\n+ Pfand\n+ Pfand\n+ Pfand\n+ Pfand\n+ Pfand\n+ Pfand\n+ Pfand\n0,45\n+ Pfand + Pfand 0,79\n+ PfandNescafe Sticks\n10 St\u00fcck = 80-165g \n100g = 0,90-1,86\u20ac\n1,491,69Jacobs Kapseln\nversch. Sorten\n10 St\u00fcck = 52g | 100g = 3,25\u20ac\n0,49\nKartoffel P\u00fcree\n120g \u2013 100g = 0,74\u20acKnorr Spaghetteria\n163g | 100g = 0,60\u20ac\n0,89Karottensalat\nF\u00fcllmenge 330g\nAbtropfgewicht 190gThomy Ketchup\n470g | 100g = 0,19\u20ac Erbsen\nF\u00fcllmenge 330g\nAbtropfgewicht 190g\n0,990,890,390,79\nAsiatische Gem\u00fcsenvielfalt\nChen Lu \u2013 verschiedene Sorten\n330g Glas \u2013 100g = 0,12\u20ac\n330g Glas \u2013 100g = 0,12\u20ac\n330g Glas \u2013 100g = 0,12\u20ac\n0,39Achtung!\nWEIHNACHTS-\nDEKO aus der\nAufl\u00f6sung eines\nGro\u00dfhandel-Lagers\nzu Hammer-\npreisen ein-\ngetroffen!\npreisen ein-\ngetroffen!\nTop-\nTipp!\nPersil Universal Pulver\n20 W\u00e4schen | 1 WL = 0,17\u20acPersil Universal Pulver\n38 W\u00e4schen | 1 WL = 0,17\u20acWC frisch\n3 x 50g \u2013 100g = 2,00\u20ac\n2,99\n3,99Hakle Toilettenpapier\n16 Rollen 3-lagigZewa Wisch & Weg\n2 Rollen \u00e1 72 Blatt, 2-lagig\n1,99Nivea Shampoo\n250ml \u2013 100ml = 0,60\u20ac\nAxe Duschgel\n400ml | 100ml = 0,50\u20ac\n1,99\n1,49Wei\u00dfer Riese Universal Pulver\n44 W\u00e4schen | 1 WL = 0,16\u20ac\n3,49649699\n2,49Zewa Toilettenpapier\n10 Rollen, 3-lagigFFP2 Schutzmaske\nEinzeln verpackt\nMund- und Nasenmasken\n50 St\u00fcck\n4,99\n0,491,99\nMundwasser\n600ml | 100ml = 0,55\u20ac\n3,29Desinfektionsmittel\n500ml \u2013 1 Ltr. = 7,98\u20ac\n3,49HAMMERPREIS!Rindenmulch St\u00fcck 60 Ltr.\n2,99\n1 Sack5,-2 S\u00e4cke\n2021-09-23-DINA4.indd   1 23.09.2021   09:40:45 U1_U2_U3_U4_gt!nfo_540.indd   2 28.09.21   14:315\nABGEFAHREN \u2026\n\u2026 bei uns gibt es:\n\u2022   Dankbarkeit\n\u2022   Team zum Wohlf\u00fchlen\n\u2022   Sicherheit\n\u2022   Tarif-Lohn\n\u2022   Menschlichkeit\nKommen Sie zu uns ins Team.\nwww.caritas-jobs.info\nFoto: istockphoto.com \u2013 Deagreez\nABGEFAHREN \u2026\nJETZT BEWERBEN\nInhalt\nHIDDEN PLACES 8\nAvenstroths M\u00fchle   \n   \nSTADTGESPR\u00c4CH  10\nStadtgespr\u00e4ch mit Alexander Kostka   \n   \nAUFBRUCH GT 12\nSein oder Nichtimpfen      \nJETZT ERST RECHT 16\nBronson XL und \nWizdom Beatz   \n   \nAKTUELL  18\nFragen an Albrecht Pf\u00f6rtner   \n \nMOMENT MAL 20\nSerie mit Stefan Schneidt   \n  \nWESTFALEN WELTWEIT     23\nNeue Serie mit \nMartin Quilitz   \n   \nGT URBAN 24\nStreet Fotos aus G\u00fctersloh \n    \nCHANCEN & KARRIERE      28\nAusbildung und Jobs\nNACHHALTIG LEBEN          38\nDigitalisierung und\nKlimaschutz\nMOBIL  44\nDer E-Bike-Test\n \nPINNWAND 50\nNews aus der StadtLOCAL HEROES             54 \nNews aus der\nGesch\u00e4ftswelt \nGT SHOPPT            62\nDas muss ich habenTERMIN-T\u00dcV  64\nBirgits TippsKULTUR  67\nHier ist was losKLEIN & WICHTIG  80\nKleinanzeigen MONATSZEUGNIS 82\nGute und schlechte \nLeistungen\nZutaten\n5\n6 7Ansichten der Stadt\nMoment!e\nschon jeder schritt sie hinauf,\naber nicht jeder erkannte ihre sch\u00f6nheit\n(altes amtsgericht)\n  \n \nwww.guetersloher-tagebuch.deText und Foto: Spechtart by G\u00fcnter Specht8 9\nHidden Places\nSiegfried Friese winkt ab: Reicht\u00fcmer sind mit Avenstroths M\u00fchle \nnicht anzuh\u00e4ufen. Trotzdem mahlt er schon seit Ende der 1980er- \nJahre. \u201eWeil ich das Kulturgut erhalten will\u201c, sagt er, der sein Geld \neigentlich als Ingenieur im Maschinenbau verdient.Parallel h\u00e4lt er den Betrieb der M\u00fchle als M\u00fcllermeister \naufrecht und verkauft in der sogenannten Sundernm\u00fchle \nneben Mehl auch Agrarprodukte, Tierfutter, Saatgut. \nMeister Friese, Jahrgang 1962 und Inhaber eines australi -\nschen Passes, Geburtsort: Melbourne, ist \u00dcberzeugungs -\nt\u00e4ter in einem Handwerk, das eigentlich aus der Zeit gefallen zu sein scheint \u2013 wie auch die M\u00fchle selbst. \nLange Jahre f\u00fchrend in der Art der Energiegewinnung\n1856/1857 wurde sie erbaut, darin kam zun\u00e4chst die \nerste Dampfmaschine in G\u00fctersloh zum Einsatz. 45 Jahre \nsp\u00e4ter brannte die M\u00fchle ab. Nach dem Wiederaufbau \nder Getreidem\u00fchle wurde seit 1903 die Wasserkraft der \nDalke zur Stromerzeugung genutzt. Dadurch bekamen \nknapp 40 Villen im Stadtpark zu ihrer Stromversorgung \n\u2013 zehn Jahre sp\u00e4ter erst war die Innenstadt am Netz. \nIn der M\u00fchle wurden zu jener Zeit zwei Tonnen Getreide \nt\u00e4glich gemahlen.\n1984 wurde die M\u00fchle unter Denkmalschutz gestellt \u2013 als \neine der \u00e4ltesten M\u00fchlen an der Dalke und wohl auch \nwegen ihrer ungew\u00f6hnlichen Architektur. Die Pl\u00e4ne f\u00fcr \ndas auff\u00e4llige Unikat schr\u00e4g gegen\u00fcber dem Parkbad stammen von Christian Heyden, der sp\u00e4ter mit der Mar\n-\ntin-Luther-Kirche, dem alten Rathaus und dem damals Evangelischen Krankenhaus un\u00fcbersehbare architekto\n-\nnische Spuren in G\u00fctersloh hinterlie\u00df.\nDie Stadt ist Eigent\u00fcmerin der M\u00fchle, Siegfried Friese ihr \nP\u00e4chter. Er hat eine intensive Leidenschaft f\u00fcr das alte \nEnsemble \u2013 und daf\u00fcr entbehrt er vieles. An l\u00e4ngere \nUrlaube ist nicht zu denken, andere Freizeitvergn\u00fcgun -\ngen fallen f\u00fcr den doppelt Besch\u00e4ftigten auch eher aus. Nach dem pl\u00f6tzlichen Tod seiner Lebenspartnerin 2019 sitzt er allein auf der M\u00fchle \u2013 und gibt nicht auf, pendelt \nzwischen der hochmodernen Elektronikwelt seines \nArbeitgebers und seinem musealen Handwerksbetrieb. \nDas modernste, fast schon irritierende St\u00fcck in der M\u00fchle \nist eine elektronische Waage, die auch die Etiketten f\u00fcr \ndie Mehlt\u00fcten ausspuckt. Ansonsten gibt es wenig Licht, \nviele alte Werkzeuge, stapelweise Papiere und Produkte, \ndie auf K\u00e4ufer warten. \nDie Qualit\u00e4t der Backwaren basiert auf der Art \ndes gemahlenen Mehls   \nDie \u00fcbrigens kommen gern aus der Umgebung, um das Handwerksmehl zu kaufen \u2013 und ein Schwatz ist dann \nimmer drin, wenn der Meister selbst im Haus ist. Der klei\n-\nne Abstecher in eine andere, fast vergessene Welt lohnt \nsich auch schon allein wegen des M\u00fchlenbetreibers.\nAustralischer M\u00fcller \nmit Durchhalteverm\u00f6gen\nSeit jeher unten Handel, \noben Lager: In Avenstroths M\u00fchle geht es eng aber praktisch zu. \nVon Hand Gemahlenes in der T\u00fcte: Mehl aus Avenstroths M\u00fchle. Geschichtstr\u00e4chtiges Unikat: Der besondere Charme der alten M\u00fchle zeigt sich auch in seinen Rundbogen-Fenstern.\nDer Kultur-M\u00fcller: Siegfried Friese pr\u00fcft die Qualit\u00e4t des Mahlguts in einem Zwischenstadium.\nText und Fotos: Thorsten Wagner-Conert10\n10\nStadtgespr\u00e4ch\nHunderttausende Handwerker fehlen in Deutschland. Doch die Branche\nversucht, dem entgegenzuwirken: mit Ausbildung und Studium im Paket,\nAusbildungsperspektiven oder Kooperationsmodellen. Sind Handwerksberufe\nein Auslaufmodell \u2013 oder sieht die Zukunft des Handwerks gar nicht so d\u00fcster \naus, wie so mancher prognostiziert? Wie k\u00f6nnen junge Menschen ins\nHandwerk geholt und Fachkr\u00e4fte rekrutiert werden?\ngt!nfo-Chefredakteur Markus Corsmeyer sprach mit Alexander Kostka,\nGesch\u00e4ftsf\u00fchrer der Kreishandwerkerschaft G\u00fctersloh, \u00fcber die Situation\ndes Handwerker-Nachwuchses im Kreis G\u00fctersloh.\u201eAls Marke \u00fcberall pr\u00e4sent\u201c\nInterview: Markus Corsmeyer \u00b7 Foto: Wolfgang SauerZur Person\nAlexander Kostka (51) ist in Bielefeld \ngeboren, in K\u00f6ln aufgewachsen, hat Jura studiert, war dann bei der Hand-werkskammer besch\u00e4ftigt, bei der IHK \nin M\u00fcnster und schlie\u00dflich Gesch\u00e4fts-\nf\u00fchrer beim Baugewerbeverband Westfalen in Dortmund. Er ist seit 2019 Gesch\u00e4ftsf\u00fchrer der Kreishandwerk-schaft G\u00fctersloh.\ngtinfo_540.indd   10 28.09.21   16:2311\n__ Wie ist es um den Nachwuchs im Kreis G\u00fcterslohbestellt? Wie ist die Situation?\n__ KOSTKA: 732 junge Menschen haben in diesem Jahr ihre \nAusbildung in einem Handwerksberuf begonnen \u2013 das sind 14,2 Prozent mehr als 2020. Ein Grund f\u00fcr dieses star-ke Comeback ist, dass wir im Handwerk in der Pandemie weiterhin viele Praktika anbieten, um Jugendlichen den Einstieg ins Handwerk zu ebenen. \n__ Wie ist das Ansehen des Handwerks bei Jugendlichen?\n__ KOSTKA: Die Jugend ist immer o\ufb00  en f\u00fcr ihre Chancen. Sie \nmuss sie nur kennen. Oft ist die Jugend falsch beraten aus Sorge um den vermeintlich h\u00f6chsten Berufsabschluss. Man muss heute nach der zehnten Klasse nicht drei Jahre \ndie Schulbank dr\u00fccken, um studieren zu k\u00f6nnen. Das geht \nauch mit einer Ausbildung. Junge Menschen k\u00f6nnen mit nur zwei, drei zus\u00e4tzlichen Berufsschulstunden pro Woche das Fachabitur erlangen, zeitgleich mit dem Gesellen- oder Facharbeiterbrief. Wer ein Jahr an der Berufsschule anschlie\u00dft, kann das Abitur erwerben mit Zugang zu allen \nHochschulen, f\u00fcr alle Studienf\u00e4cher. Das ist noch viel zu \nwenig bekannt.\n__ Was spricht aus Ihrer Sicht f\u00fcr eine Berufsausbildungim Handwerk?\n__ KOSTKA: Es geht von der Schule direkt rein ins pralle \nLeben. Manchmal ist das auch ein kleiner Schock, aber man lernt, sich einzuf\u00fcgen, Ziele zu erreichen und sich zu behaupten. Dazu kommt das Fachliche: Das Handwerk \nist weltweit nirgendwo so weit entwickelt wie hier bei uns. \nEgal, wohin der weitere Weg noch f\u00fchrt, ein Handwerk bietet jungen Menschen immer einen guten Startins Leben. \n__ Was machen Sie im Kampf um die besten K\u00f6pfe?\n__ KOSTKA: Uns ist etwas Einmaliges gelungen. Das Hand-\nwerk hat sich im Jahr 2010 zu einer bundesweiten Image-kampagne versammelt. Jahr f\u00fcr Jahr wird unsere Kampa-\ngne von den besten Agenturen in Deutschland getrieben. \nFilm, Print, soziale Medien \u2013 \u201eDas Handwerk\u201c ist als Marke \u00fcberall pr\u00e4sent. Unsere Betriebe k\u00f6nnen sich da leicht dranh\u00e4ngen und eigene Aktivit\u00e4ten aufbauen. \n__ Wie sind die Karrierechancen im Handwerk?\n__ KOSTKA: Es gibt heute vielf\u00e4ltige Spezialisierungen und \nneue Abschl\u00fcsse in der h\u00f6heren Berufsbildung. Im euro-p\u00e4ischen Quali\ufb01  kationsrahmen kann man als Meisterin oder Meister den Bachelor und den Master Professional erwerben. Grenzen setzt man sich im Handwerk nur noch selbst. \n__ Verbinden junge Menschen das Handwerk mitModernit\u00e4t?\n__ KOSTKA: Modern ja, aber nicht trendy. Berufe wie die der \nKfz-Mechatronik oder die der technischen Geb\u00e4udeaus-stattung sind seit Jahren in den Top 10 bei der Berufs-wahl. Andere Berufe wie das B\u00e4ckerhandwerk setzen die Tradition bewusst dagegen, auch wenn sie hochtechnisiert sind. Beides funktioniert bei den jungen Menschen.\n__ Gerade kleine Handwerksbetriebe haben es schwer, geeigneten Nachwuchs zu \ufb01  nden. Woran liegt das?\n__ KOSTKA: Es gibt dort keine Personalabteilung, kein Recruiting. Chef \nund Che\ufb01  n m\u00fcssen selbst ran, rein in die Schulen, Praktika anbie-ten, den Nachwuchs pers\u00f6nlich ansprechen und f\u00fcr sich gewinnen. \nDazu braucht man eine Strategie, sonst verbrennt man Zeit. Wir \nbieten dazu Coachings an, aber mancher glaubt daf\u00fcr keine Zeit zu haben.\n__ Wie werden junge Leute heute auf eine Ausbildung im Handwerk aufmerksam?\n__ KOSTKA: Haupts\u00e4chlich \u00fcber Familie und Schule. Die geben den \nAusschlag f\u00fcr die Berufswahl.\n__ Ist das Handwerk immer noch eine reine M\u00e4nnerdom\u00e4ne \u2013 oder beobachten Sie in den vergangenen Jahren auch einen erh\u00f6h-\nten Anteil an jungen Frauen?\n__ KOSTKA: Was das angeht, treten wir in allen MINT-Berufen auf der \nStelle, Handwerk und Industrie. Es dauert, Vorbilder aufzubauen \nund das Interesse junger Frauen zu wecken, ihr Potenzial auszu-sch\u00f6pfen.\n__ Welche Soft Skills sollten junge Menschen, die sich f\u00fcr das Hand-werk als Berufsfeld entscheiden, mitbringen oder sich aneignen?\n__ KOSTKA: Kundenn\u00e4he eint die meisten Handwerksberufe. Man \nsollte kommunikativ und verbindlich sein, mit den Kollegen ebenso \nwie mit den Kunden.\n__ Welche Chancen bietet eine Ausbildung im Handwerk im\nVergleich zu anderen Branchen?\n__ KOSTKA: Der nahe Umgang mit Kunden und Kollegen bewirkt, \nseine Pers\u00f6nlichkeit zu entwickeln. Das ist unser gr\u00f6\u00dftes Plus und ein Schatz f\u00fcr das ganze Erwerbsleben. \n__ Ein Ausblick in die Zukunft: Die Digitalisierung ist in aller Munde, nahezu jeder Bereich ist davon betro\ufb00  en. Wird es das Hand-werk trotz Digitalisierung noch geben \u2013 und wie stehen dann die Chancen f\u00fcr Auszubildende? Was wird sich vielleicht noch \u00e4ndern?\n__ KOSTKA: Diese Ver\u00e4nderung sehe ich positiv. Wegen der indivi-\nduellen Fertigung im Handwerk bestehen wenig Risiken, dass die Digitalisierung Arbeitspl\u00e4tze im Handwerk vernichtet. Selbst dort, wo die Industrie sie sogenannte \u201eSt\u00fcckzahl 1\u201c anstrebt, ist das handwerkliche Know-how daf\u00fcr die Basis. Wer analog nicht top ist, kann nicht erfolgreich ins Digitale transformieren. Auch das ist eine Chance f\u00fcr die Auszubildenden des Handwerks. Das Hand-werk bleibt.\n__ Wie zukunftsf\u00e4hig ist das Handwerk generell?\n__ KOSTKA: Auf einer Skala von 1 bis 10 gebe ich dem Handwerk da \neine 10.\n\u201eAls Marke \u00fcberall pr\u00e4sent\u201c\ngtinfo_540.indd   11 28.09.21   16:24Aufbruch GT\nEssay:\nMaria Unger \nEhrenamtliches Tun \nist gut f\u00fcr die Menschen\n\u201eEine Wurzel des ehrenamtlichen, sozialen Engagements findet sich \nin der christlichen Tradition im Liebesgebot der Bibel. Im Mittelalter \nzeigte es sich im Falle der Versorgung von Armen mit Almosen. \nSo war es ein wichtiges Anliegen des als Ritterorden gegr\u00fcndeten Johanniterordens, der seit 1099 in Jerusalem ein Spital f\u00fcr Arme, Alte \nund Kranke unterhielt, den christlichen Glauben zu wahren und \nNotleidenden zu helfen\u201c (Auszug aus Wikipedia).\nAls Ratsfrau, ehrenamtliche und auch hauptamtliche \nB\u00fcrgermeisterin habe ich unsere Stadt mit all ihren \nvielf\u00e4ltigen Facetten im Ehrenamt sch\u00e4tzen und lieben \ngelernt.\nIch muss gestehen, dass ich in den ersten Jahren meines Amtes zwar \nauch immer das Ehrenamt hoch \ngelobt habe, aber noch nicht die \nungeheure Bedeutung der Vereine, \nVerb\u00e4nde, L\u00f6schz\u00fcge, Selbst\n-\nhilfegruppen usw. in ihrer ganzen Dimension wirklich einsch\u00e4tzen \nkonnte. Erst die vielen Besuche, das \nintensive Kennenlernen und der \nAustausch mit den Menschen haben \nmich geradezu dem\u00fctig werden \nlassen vor den Leistungen f\u00fcr die \nMenschen und das soziale Leben in \nunserer Stadt.\u201eDie sind mir die Liebsten\u201cManchmal wurde ich bel\u00e4chelt \u201eSie besucht zu viel die \nKaninchenzuchtvereine\u201c. Ich setzte dem augenzwinkernd \nentgegen: \u201eDie sind mir die Liebsten!\u201c Die Besuche der \nAusstellungen, der Jubil\u00e4umsfeiern, der Jahreshauptver\n-\nsammlungen, der Sch\u00fctzen-, Feuerwehr- oder Sport -\nfeste, der Ehrungen f\u00fcr besonders engagierte M\u00e4nner und Frauen, der Musik- und Kulturfeste haben mir die \nungeheuere Vielfalt meines \u201egeliebten\u201c G\u00fctersloh nahe \ngebracht. Man/frau muss wissen, dass ich als geb\u00fcrtige \nTriererin in einem kleinen Eifeldorf (Dudeldorf) auf\n-\ngewachsen, mich irgendwie immer auch ein wenig als \n\u201eNeu-G\u00fctersloherin\u201c gef\u00fchlt habe. Und ist es nicht auch \nein wenig arrogant von denen, die ein \u201eRanking\u201c der Be -\ndeutung von Vereinen aufstellen, sich \u00fcber die Leistung \nder kleinen oder auch sehr speziellen Vereine hinwegzu -\nsetzen?  \nUnsere Stadt wird h\u00e4ufig die Stadt der Stiftungen ge -\nnannt. Fast 20 B\u00fcrger- und Unternehmensstiftungen \nzeigen in G\u00fctersloh, was den Stiftern und Stifterinnen am \nHerzen liegt,angefangen von der von Reinhard Mohn im Jahr 1997 gegr\u00fcndeten \nStadtstiftung (heute B\u00fcrgerstiftung), der Miele-Stiftung, der Evan -\ngelischen Stiftung, um nur einige wenige zu nennen, bis hin zu den vielen F\u00f6rdervereinen an Schulen oder aber den Vereinen, die sich \nder F\u00f6rderung der Musik, der Gesundheit widmen. Hier arbeiten viele \nEhrenamtliche unentgeltlich f\u00fcr das Gemeinwohl oder leisten mit \nihrem finanziellen Beitrag Gutes f\u00fcr die Menschen in unserer Stadt.\nEine Gruppe, die vielleicht auch viele schon kennen, m\u00f6chte ich \neinfach einmal hier in diesem Beitrag hervorheben. Es ist die Gruppe \nder \u201echarm\u00fctzen\u201c/Jede Oma z\u00e4hlt\u201c. Die engagierten Frauen stricken \nwunderbare M\u00fctzen, Babypuschen, Str\u00fcmpfe und anderes f\u00fcr einen \nguten Zweck. Sie verkaufen sie an ihren St\u00e4nden und spenden das \nGeld \u00fcber die Organisation Help Age an Omas zum Beispiel in Tan\n-\nsania, damit diese ihre Enkelkinder versorgen k\u00f6nnen, da die Eltern durch Krankheit oder durch ihre Arbeit in entfernteren Gegenden, \nnicht in der Lage sind, ihre Kinder zu versorgen. Diese Gruppe gibt es \nseit 2013, und sie haben schon sehr viele Euros f\u00fcr den guten Zweck \n\u201eerstrickt\u201c. \nAll das und noch vieles mehr hat unsere Stadt an ehrenamtlichen \nEngagement zu bieten. \nKein Theater ohne F\u00f6rderverein\nUnser neues Theater w\u00e4re sicher nicht ohne den in den 2000er-Jah\n-\nren gegr\u00fcndeten Theaterf\u00f6rderverein zu realisieren gewesen. Auch \nhier haben sich B\u00fcrger und B\u00fcrgerinnen und Unternehmen in der \nStadt zu einer finanziellen Vereinbarung f\u00fcr den Bau verpflichtet und \nauch dar\u00fcber hinaus f\u00fcr das laufende Programm. Ehrenamtliches Engagement \neine Selbstverst\u00e4ndlichkeit\nDie Anzahl der Zeichen, die ich f\u00fcr diesen Artikel zuge -\nstanden bekam, reichen bei weitem nicht aus, die bunte Vielfalt an ehrenamtlichem Engagement abzubilden. \nZum Beispiel den vielen Sportvereinen, die ebenfalls ein \nwichtiger Koordinator f\u00fcr die Jugend- und Sozialarbeit \nsind, geb\u00fchrt \u2013 wie vielen anderen auch \u2013 ein eigener \nBeitrag.\nMein Mann und ich, wir sind teilweise schon seit vielen \nJahren und Jahrzehnten in zahlreichen Vereinen in der \nStadt und der Umgebung Mitglied. \nVon daher war ehrenamtliches Engagement f\u00fcr mich \nnach meiner Amtszeit als B\u00fcrgermeisterin eine Selbstver\n-\nst\u00e4ndlichkeit. Aufgrund meiner Verbundenheit zu unse -\nrem Klinikum habe ich mit einigen anderen Personen aus der Stadt einen F\u00f6rderverein f\u00fcrs Klinikum gegr\u00fcndet. \nAlso, aus eigener Erfahrung kann ich sagen: Ehrenamt\n-\nliches Tun ist gut f\u00fcr die Menschen, bringt einem selbst \naber auch viel Best\u00e4tigung und Freude!\nIllustration: shutterstock\n13 12Maria Unger war von 1994 \nbis 2015 B\u00fcrgermeisterin der Stadt G\u00fctersloh. Noch immer engagiert sich die ehemalige SPD-Politikerin ehrenamtlich in der Stadt.Zur Person15\nNEUE ZEIT.\nNEUE WEGE.\nwww.neuezeit-neuewege.deFlorin, Produktionsmitarbeiter\u201eFest angestellt zu \nsein hei\u00dft f\u00fcr mich, \nvoll dazuzugeh\u00f6ren.\u201c\nT\u00f6nnies hat zum Jahreswechsel \u00fcber 6.000 \nMitarbeiterInnen direkt angestellt.\u201eMitwirk-O-Mat\u201c: Mit 20 Fragen und \nAntworten zum geeigneten Ehrenamt\nDer \u201eWahl-O-Mat\u201c hat es bundesweit zu einer gewissen Prominenz \ngebracht. In G\u00fctersloh gibt es eine solche Hilfe nun f\u00fcr den Bereich \ndes ehrenamtlichen Einsatzes. \nDer \u201eMitwirk-O-Mat\u201c holt unter der Adresse \nwww.guetersloh-tatkraeftig.de/\nmitwirk-o-mat diejenigen ab, die ihr Talent \nund Engagement ehrenamtlich einsetzen \nwollen, aber noch unsicher sind, wo. Das \nTool ist ein Angebot der Ehrenamtskoor -\ndination bei der Stadt G\u00fctersloh und des Dachvereins \u201eG\u00fctersloh tatkr\u00e4ftig\u201c. Das \nPrinzip gleicht dem des Wahl-O-Maten. \n\u201eDer Mitwirk-O-Mat ist eine simple, intuitiv \nbedienbare Web-Anwendung, die eine \nOrientierung \u00fcber M\u00f6glichkeiten zum lokalen \nEngagement bietet\u201c, sagt Elke Pauly-Teis\n-\nmann, Ehrenamtskoordinatorin bei der \nStadt G\u00fctersloh. Die Nutzer und Nutzerinnen \nantworten auf 20 kurze Thesen zu ihren \npers\u00f6nlichen Interessen. Daraus berechnet \nder Computer die \u00dcbereinstimmung mit \nden teilnehmenden Vereinen, Initiativen und \nOrganisationen. Diese werden anschlie\u00dfend \nin einem pers\u00f6nlichen Ranking angezeigt. So \nerfahren die Nutzer, mit welchen Engage -ment-M\u00f6glichkeiten die gr\u00f6\u00dfte \u00dcberein -\nstimmung besteht, also welche am besten \nzu ihnen passen w\u00fcrden. Am Ende kann man \nsich zudem anzeigen lassen, wie die Vereine \nauf die Thesen selbst geantwortet haben, \nund auch noch weitere Infos bekommen. Im \nbesten Fall hat man ein passendes Enga -\ngementfeld gefunden, zu dem man Kontakt aufnehmen kann.\nAuch B\u00fcrgermeister Norbert Morkes sieht im \nMitwirk-O-Maten sehr n\u00fctzliche M\u00f6glich\n-\nkeiten f\u00fcr alle Beteiligten: \u201eEr ersetzt nicht \ndie pers\u00f6nliche Beratung durch die Ehren -\namtskoordination, aber er erg\u00e4nzt sie. Damit schafft er f\u00fcr diejenigen, die sich engagieren \nwollen, einen guten Einstieg. Und er bietet \ngleichzeitig einen \u00dcberblick \u00fcber die Vielfalt \nder Engagement-M\u00f6glichkeiten in unserer \nStadt. Und den Vereinen, Initiativen und \nOrganisationen bietet er zudem eine weitere \nForm der Darstellung ihrer Arbeit.\u201cHintergrund \nDer erste Mitwirk-O-Mat wurde von der \nVernetzungsinitiative Lebendiges L\u00fcne\n-\nburg entwickelt, um die Sichtbarkeit der Initiativen vor Ort besonders w\u00e4hrend der \nCorona-Pandemie zu steigern. G\u00fctersloh \nist die erste Stadt nach L\u00fcneburg, die ihn \neinsetzen wird, Ergebnis eines Hackathons in \ndiesem Jahr, an dem die Stadt G\u00fctersloh mit \nihrer Ehrenamtskoordinatorin teilgenommen \nhatte. Weitere Informationen: \nhttps://mitwirk-o-mat.de/\nAnsprechpartnerin: \nElke Pauly-Teismann \nE-Mail: elke.pauly-teismann@guetersloh.de  \nTelefon: 0 52 41 / 82-31 97Local Heroes AnzeigeFoto:  Stadt G\u00fctersloh\n\u201eEin guter Ein -\nstieg\u201c, findet \nB\u00fcrgermeister Norbert Morkes, der mit Elke Pauly-Teismann den Mitwirk-O-Maten testet.\n10\n10\nStadtgespr\u00e4ch\nHunderttausende Handwerker fehlen in Deutschland. Doch die Branche\nversucht, dem entgegenzuwirken: mit Ausbildung und Studium im Paket,\nAusbildungsperspektiven oder Kooperationsmodellen. Sind Handwerksberufe\nein Auslaufmodell \u2013 oder sieht die Zukunft des Handwerks gar nicht so d\u00fcster \naus, wie so mancher prognostiziert? Wie k\u00f6nnen junge Menschen ins\nHandwerk geholt und Fachkr\u00e4fte rekrutiert werden?\ngt!nfo-Chefredakteur Markus Corsmeyer sprach mit Alexander Kostka,\nGesch\u00e4ftsf\u00fchrer der Kreishandwerkerschaft G\u00fctersloh, \u00fcber die Situation\ndes Handwerker-Nachwuchses im Kreis G\u00fctersloh.\u201eAls Marke \u00fcberall pr\u00e4sent\u201c\nInterview: Markus Corsmeyer \u00b7 Foto: Wolfgang SauerZur Person\nAlexander Kostka (51) ist in Bielefeld \ngeboren, in K\u00f6ln aufgewachsen, hat Jura studiert, war dann bei der Hand-werkskammer besch\u00e4ftigt, bei der IHK \nin M\u00fcnster und schlie\u00dflich Gesch\u00e4fts-\nf\u00fchrer beim Baugewerbeverband Westfalen in Dortmund. Er ist seit 2019 Gesch\u00e4ftsf\u00fchrer der Kreishandwerk-schaft G\u00fctersloh.\ngtinfo_540.indd   10 28.09.21   16:2316\nFrench Montana und Jim Jones nutzen ihre Beats, genauso wie der  \nfranz\u00f6sische S\u00e4nger und Rapper Tito Prince. Doch einfach zu finden sind sie nicht. \n\u201eMeinen Eltern wohnen in direkter N\u00e4he zu diesem B\u00fcrokomplex \u2013 und  \ndoch wussten weder sie noch ich, dass sich hier drin seit Jahren Studios und  \nProber\u00e4ume befinden\u201c, sagt Marlon. Und weil Mieter im Laufe der Jahre hin und \nwieder wechseln, konnten er und Dominique hier ihr Studio einrichten. UNTER \nDEM \nRADAR\nText: Birgit Compin \u00b7 Foto: Bronson XL und WizdomBeatz \u00b7 Videos: sowlmade und Jim Jones, Harry Fraud, French Montana\nv.l.: Bronson XL und WizdomBeatzJetzt erst recht\ngtinfo_540.indd   16 28.09.21   16:2417\nUNTER \nDEM \nRADAR\nSOWLMADE \nSKYJIM JONES FEAT. \nFRENCH MONTANA  \nBADA BING\u201eDas war mitten in der Pandemie\u201c, erz\u00e4hlen sie mir eines Mittags, als ich ihnen endlich gegen\u00fcbersitze. Mit Abstand nat\u00fcrlich und nach einer kleinen Odyssee. Die brauchte \nes, um die Klingel zum Studio der beiden \nMusikproduzenten zwischen all den anderen B\u00fcrogeb\u00e4uden und Lagerhallen unten auf der Stra\u00dfe \u00fcberhaupt zu finden. Dass sie hier unter den international bekannten Namen Bronson XL und WizdomBeatz produzieren, \nsteht nat\u00fcrlich auf keinem Schild. Wie ge -\nsagt: Soll auch nicht. Marlon und Dominique \narbeiten quasi unter dem Radar.\nUrspr\u00fcnglich kommen beide aus der G\u00fcters -\nloher Hip-Hop-Szene. \u201eWir kennen uns seit -\ndem ich Musik mache\u201c, erz\u00e4hlt Marlon. W\u00e4h-\nrend der heute 30-J\u00e4hrige seinen Traum \nvom Schauspiel- oder Tontechnikstudium f\u00fcr eine Krankenpflegerausbildung hinten -\nanstellte, hatte Dominique schon in fr\u00fchester \nKindheit das Gl\u00fcck, Erfahrungen am Com -\nputer zu sammeln. \u201eMein erstes Keyboard bekam ich mit sieben.\u201c Der heute 36-J\u00e4h -\nrige fing an, Melodien zu komponieren und \nbegann Anfang der 2000er erste Samples \nzu produzieren. \u201eIm Kinderzimmer hing das \nMikrofon von der Decke, und wir machten mit Familie und Freunden Recording Sessions.\u201c Dazu drehte er bereits 2007 erste Videos mit dem Camcorder. Doch sp\u00e4ter direkt als Berufsmusiker in die Branche einzusteigen, \nwar auch Dominique zu hei\u00df. Er begann eine \nAusbildung zum Mediengestalter Bild und Ton. Heute ist er selbstst\u00e4ndig und produ -\nziert Videos, Imagefilme, Musikvideos und \nalles, was dazu geh\u00f6rt. Das klingt eigent -\nlich gut, kann er doch beide Leidenschaften miteinander verbinden. \u201eMomentan mache \nich mehr Filme als Musik, und das w\u00fcrde ich gerne umdrehen\u201c, sagt er und deshalb sind wir auch da, wo wir jetzt sitzen.\nJeder Beat ein Lotto-Ticket \nNat\u00fcrlich arbeiten beide auch unabh\u00e4n -\ngig voneinander mit anderen Rappern und Produzenten zusammen. Dominique ist als WizdomBeatz erfolgreich mit eigenen Rap-Titeln in der Szene unterwegs und zeigt sich und seine Solo-Projekte auf Instagram und Co. \u201eSo ist auch die Zusammenarbeit mit Tito Prince entstanden\u201c, erkl\u00e4rt er. \u201eEr fand meine dort eingestellten Beats so gut, dass er sie f\u00fcr sein neuen Album verwenden wird.\u201c Und Marlon? Als Bronson XL arbeitet er mit einem internationalen Netzwerk zusammen. Mit dabei Produzenten, die mit Bushido arbeiten, oder eben solche wie Jim Jones. \u201eIch hatte ihn vergangenes Jahr einfach mal angeschrieben.\u201c Das US-amerikani -\nsche Rap-Schwergewicht mit 2,7 Millionen Followern schrieb zur\u00fcck. Sie tauschten Mails und Beats aus, die Marlon mit einem Kollegen gemacht hatte \u2013 und Monate sp\u00e4ter erschien ein Song, der Elemente ihrer Musik enthielt. Credits oder gar Tantiemen? \nN\u00f6. \u00c4rgerlicherweise wurde der angebotene \nBeat in \u201e\u00dcbersee\u201c von einem zum anderen gereicht, nochmals abgemischt und landete am Ende gemeinsam mit Jim Jones in einem Song von Rap-Superstar French Montana. \u201eDu musst wissen, dass die alle schon zig \nGrammys gewonnen haben. H\u00e4tten die uns \nnamentlich im Abspann des Videos erw\u00e4hnt, st\u00fcnden wir jetzt auf der Paylist der einfluss -\nreichsten Rapper dieser Welt.\u201c \u201eIm Prinzip ist jeder Beat, den du macht, ein Lotto-Ticket\u201c, f\u00fcgt Dominique hinzu \u2013 ihre Eintrittskarte in den Rap-Olymp. Und jetzt?\nAuf neun der Hip-Hop-Charts\nEgal, sagen beide und arbeiten weiter dran. \u201eDas Gute ist doch, dass unsere Sounds bei den Leuten mega ankommen. Und nat\u00fcr -\nlich nutzen wir das French Montana-Video \nf\u00fcr uns.\u201c Doch schon vorher klingelte es in \nder Kasse: Im vergangenen Jahr erreichte ein Projekt, auf dem beide mit unterschied -\nlichen Arbeiten zu h\u00f6ren sind, Platz neun der \ndeutschen Hip-Hop-Charts, in den norma -\nlen Charts erreichten sie die Top 50.\nDoch einsam im stillen K\u00e4mmerlein muss \nman sich ihre Arbeit beileibe nicht vorstellen. \nIhren Input f\u00fcttern sie aus ihrem Netzwerk. Niemand arbeitet im Rap-Bereich allein vor sich hin, erfahre ich. Man trifft sich, macht Musik, bekommt Beats und Files \u00fcbers Inter -\nnet zuschickt, die dann zu gemeinsamen Projekten werden.\nRespekt muss sein\nUm dann aber nicht noch mal so eine Num -\nmer wie mit den Amerikanern zu erleben, sollte jeder, der an einem Album beteiligt ist, auch namentlich erw\u00e4hnt werden. Das hilft denen, die ihre Beats im Web zur Verf\u00fcgung \nstellen, um so das eigene Marken Branding \nzu sch\u00e4rfen. Vorreiter k\u00f6nne da auch Kanye West sein, sagt Marlon. Der hatte jetzt auf seinem Album tats\u00e4chlich s\u00e4mtliche Mit -\nwirkenden erw\u00e4hnt. Und vielleicht ziehen andere K\u00fcnstler nach. Denn eigentlich hat es ja auch mit Respekt untereinander zu tun, ein Wort, das im Rap ja gef\u00fchlt st\u00e4ndig bem\u00fcht wird.\nVon wegen \u201ebusiness as usual\u201c\nEin Studio wie dieses hier zu leiten, bedeu -\ntet auch eine Menge Arbeit nebenher. \u201eIn dem Business macht Musik eigentlich nur 20 \nProzent aus, der Rest ist Networking, Social Media, Leute gezielt anschreiben.\u201c Es ist der gleiche Prozess, den gro\u00dfe Labels leisten. \u201eNur dass du alles selbst erledigt und dein Geld nicht teilen musst.\u201c So bekommt das \nWort Musikbusiness hier sein wahres Ge -\nwicht. Einnahmen, Ausgaben \u2013 all das ist \netwas, dass kreative K\u00f6pfe gerne zur Seite schieben. Wie also machen es die beiden? \n\u201eIch denke\u201c, sagt Marlon, \u201eauch da geht es um Teamwork. Wenn du selbstst\u00e4ndig bist, musst du Leute in dein Team holen, die die Dinge erledigen, die du als Kreativer viel -\nleicht nicht machen m\u00f6chtest, weil sie dich in deiner Kreativit\u00e4t blockieren.\u201c\nVideo \u201eSky\u201c von Wowlmade\nVideo \u201eBada Bing\u201c Jim Jones mit French Montana\nUS-Rapper Jim Jones\nQ @bronsonxl \u00b7  @wizdombeatz\ngtinfo_540.indd   17 28.09.21   16:2418 19Multiplikator in Stadtgesell-\nschaft und Stadtverwaltung\nAls Gesch\u00e4ftsf\u00fchrer der Gesellschaft f\u00fcr Wirtschaftsf\u00f6rderung, \nImmobilien und Stadtentwicklung nimmt Albrecht Pf\u00f6rtner zum \n1. Oktober seine Arbeit auf. Aktuell\nFoto:  Markus Corsmeyer\nDie Gesellschaft soll als st\u00e4dtische Tochter \ndie Arbeitsgebiete \u201eEntwicklung von Wohn- und Gewerbeprojekten\u201c, den Verkauf und die Vermarktung bebauter und unbebauter Fl\u00e4chen, die Erschlie\u00dfung und Bebauung von Grundst\u00fccken, die Vermietung, Verwaltung und Sanierung von Immobilien sowie die Wirtschaftsf\u00f6rderung umfassen. \u201eMit Pf\u00f6rtner gewinnt die Stadt G\u00fctersloh einen erfahrenen, bestens vernetzten Kenner von Stadt, Region und Unternehmensstruktur, denn er wechselt nach 15 Jahren als Gesch\u00e4ftsf\u00fchrer der pro Wirtschaft GmbH des Kreises G\u00fctersloh auf die neue Position\u201c, teilte die Stadt vor einiger Zeit mit. gt!nfo traf sich kurz vor Amtsantritt auf \neine Tasse Kaffee mit Albrecht Pf\u00f6rtner \u2013 ein ausf\u00fchrlicheres Gespr\u00e4ch f\u00fchrt Chefredakteur Markus Corsmeyer dann in einer der n\u00e4chsten Ausgaben.\nSie waren bisher Gesch\u00e4ftsf\u00fchrer der pro \nWirtschaft GT des Kreises G\u00fctersloh, jetzt werden Sie die Aufgaben des Fachbereichs f\u00fcr Wirtschaftsf\u00f6rderung der Stadt G\u00fctersloh \u00fcbernehmen. Welches waren dort ihre ver\n-\nnehmlichsten Ziele \u2013 und kann man Sie jetzt 1:1 f\u00fcr die Stadt G\u00fctersloh adaptieren. Oder gibt es Unterschiede?Den Fachbereich Wirtschaftsf\u00f6rderung wird es in der Form zuk\u00fcnftig bei der Stadtverwaltung G\u00fctersloh nicht mehr geben. Die Wirtschafts\n-\nf\u00f6rderung wird eine Teilaufgabe der zum 1. Oktober startenden concept GT, Gesellschaft f\u00fcr Wirtschaftsf\u00f6rderung, Immobilien & Stadt\n-\nentwicklung GT mbH & Co.KG. Eine st\u00e4dtische Wirtschaftsf\u00f6rderung ist deutlich anders aufgestellt als die Wirtschaftsf\u00f6rde\n-\nrung auf Kreisebene. Wir werden uns in G\u00fctersloh zun\u00e4chst sehr stark mit anderen Beteiligten um den Aufbau eines Innovationszentrums k\u00fcmmern. Dort spielt das Thema Gr\u00fcndung und Innovationsbef\u00f6rderung mit herein. Eine ganz enge Verzahnung des Campus\u2019 G\u00fctersloh der Fachhochschule wird eine weitere wichtige Aufga\n-\nbe werden. Die Fach -\nhochschule leistet hier hervorragende Arbeit. zum Beispiel mit dem \u00f6rtlichen Sch\u00fcler\n-\nlabor. Zudem hat G\u00fctersloh leider deutlich zu wenig Fl\u00e4chenan\n-\ngebote f\u00fcr kleinere Unternehmen gleich welcher Art. Hier besteht deutlicher Handlungsbedarf. Das Ziel ist, dass die Wirtschaft einen Multiplikator in der Stadt\n-\ngesellschaft und Stadtverwaltung von G\u00fcters -\nloh erh\u00e4lt.\nSie werden Gesch\u00e4ftsf\u00fchrer der Flughafenge -\nsellschaft bleiben. K\u00f6nnen Sie hier etwas zum \nStand der Dinge sagen?Die Gewerbepark Flugplatz G\u00fctersloh GmbH (GFG) entwickelt derzeit den n\u00f6rdlichen Teil des Flughafengel\u00e4ndes. Dort geh\u00f6ren der GFG etwa 32 Hektar Fl\u00e4che. Der Gro\u00dfteil der Abbrucharbeiten ist bereits abgeschlossen. Es werden auf Harsewinkeler und G\u00fctersloher Seite netto etwa 18 Hektar Gewerbe- und Industrie\n-\nfl\u00e4che entstehen. Die ersten Vermarktungsge -\nspr\u00e4che werden bereits gef\u00fchrt. Im Sp\u00e4tsommer 2022 sollen die Infrastrukturarbeiten beginnen. \u00dcber den deutlich gr\u00f6\u00dferen s\u00fcdlichen Teil des Flugplatzgel\u00e4ndes beginnen die Gespr\u00e4che zum weiteren Vorgehen bei der Wertermittlung. Das Gel\u00e4nde geh\u00f6rt derzeit noch der Bundes\n-\nimmobilienanstalt (BImA). Eine Umsetzung in Gewerbe- und Industriefl\u00e4che wird noch einige Jahre dauern, da f\u00fcr diese Fl\u00e4chen fr\u00fchestens 2024 Landesplanungsrecht besteht.\nWie wichtig ist das Areal f\u00fcr die Stadt?\nFl\u00e4che ist ein knappes Gut! Im ganzen Kreis G\u00fctersloh gibt es nahezu keine Gewerbefl\u00e4chen mehr. Das Ziel des n\u00f6rdlichen Abschnittes ist es, eher gr\u00f6\u00dfere Fl\u00e4chen ab cirka 10.000 Quadrat\n-\nmetern zur Verf\u00fcgung zu stellen. Das schafft f\u00fcr bestimmte Unternehmen auf jeden Fall Ent\n-\nwicklungsperspektiven und ist insofern von \ngro\u00dfer Bedeutung.\nWas w\u00fcnschen Sie sich f\u00fcr die Stadt \nG\u00fctersloh in Ihrem neuen Aufga -\nbengebiet?Dass es einen breiten gesellschaft\n-\nlichen Konsens zum Wert jedes einzelnen Arbeitsplatzes gibt. Jeder \nArbeitsplatz in G\u00fctersloh ist wich\n-\ntig und es lohnt sich um und \nf\u00fcr ihn zu k\u00e4mpfen. Nur \ndadurch wird Gewer -\nbe- und Einkom -\nmenssteuer erzielt, \ndie dann in \nanderen Hand -\nlungsfeldern \neingesetzt \nwerden \nkann.Albrecht Pf\u00f6rtner, neuer Gesch\u00e4fts -\nf\u00fchrer der concept GT, Gesellschaft \nf\u00fcr Wirtschaftsf\u00f6rderung, Immobilien und Stadtentwicklung.\nTrauerhalle\nmit mehr \nals 50 Pl\u00e4tzen\nTrauerhalle | Abschiedsbereich\nIndividuelle Trauerreden\nKostenlose Vorsorgeberatungen \nErledigung aller Formalit\u00e4ten:\nBeh\u00f6rden | Krankenkassen\nRenten | Versicherungen | \u00dcberf\u00fchrungen\nDiekstra\u00df e 42 \u00b7 33330 G \u00fctersloh\nTelefon 05241 - 51264\ninfo@ bermp ohl-bestattungen. de\nwww.bermp ohl-bestattungen. de\nseit 80 Jahren\n538_Bermpohl_Bestattungen_NEU.qxp_Layout 1  06.07.21  21:1\nZielgenaue und strategische Kommunikation\nauf den richtigen, erfolgreichen Kan\u00e4len.lokalwerkstatt.deFULL\nDIALSERVICE\nCROSSME\nLOKALWERKSTATT\nAgentur f\u00fcr Kommunikation GmbH\nIHR K\u00d6NNT UNS \nALLE MAL .\n20\nMoment Mal!\n\u201eAchtung f\u00fcr Tiere\u201c \u2013 Der Name des Vereins ist hier Programm.  \nIch besuche einen Ort, der das verk\u00f6rpert, nach dem wir alle streben: Frieden.  \nBewirtschaftet wird er vom Ehepaar Reinke. Sie hatten 2015 einen 100 Jahre  \nalten Hof in Varensell erworben und ihn zum Grundst\u00fccksverm\u00f6gen der  \ngemeinn\u00fctzigen Tierschutzstiftung gemacht. Der Lebenshof bietet geretteten  \nTieren ein gutes und sicheres Zuhause. Wer das Gl\u00fcck hat, hier zu leben, der wird  \nFreunde finden, Spa\u00df haben, in Sicherheit sein und bis zum Lebensende  \numsorgt werden. Und doch geht es Astrid Reinke um weitaus mehr. Der Hof ist  \nvor allem ein Ort f\u00fcr Begegnungen zwischen Menschen und Tieren. Gerade erlebten  \nKinder dort eindrucksvolle Tierschutz-Ferienspiele. Es gibt Jugendgruppenaktivit\u00e4ten, \nTierschutzlehrertagungen, Schulunterricht und vieles mehr. NEUES LEBEN  \nF\u00dcR FREDDY!\nText: Stefan Schneidt \u00b7 Fotos: Christopher Gawollek\ngtinfo_540.indd   20 28.09.21   16:2421\n\u201eNichtmenschliche Tiere als Pers\u00f6nlichkei-\nten \u2013 und nicht als Ware \u2013 kennenlernen \nzu k\u00f6nnen, ist die Basis f\u00fcr Fairness und \nf\u00fcr nachhaltigen Tierschutz\u201c, sagt sie. Da kommt schon Freddy, das erste Schwein auf dem Lebenshof. Er lebt hier seit November 2020. \u00dcber Jahre hinweg war er ein Opfer privater Tierhaltung, und erst durch den Tod \ndes Besitzers wurde sein Leid sichtbar. Er \nlebte eingesperrt in einem geschlossenen Raum, war extrem \u00fcbergewichtig, konnte kaum noch sehen und sich fast nicht mehr bewegen. Mittlerweile hat er abgenommen, bewegt sich viel und ist lebensfroh. Er hat \nsch\u00f6ne, bernsteinfarbige Augen, und wir \nharmonieren sofort. Meine Karotten ver -\nschlingt er auf der Stelle. Freddy ist in seinem neuen Leben angekommen und genie\u00dft es sichtlich, dass er leben darf! \nKinder haben ein Recht auf die Wahrheit\nBei dem Thema Tierschutz geht es Astrid um eine ehrliche Auseinandersetzung; er sollte Teil des Bildungsauftrages sein und damit auch in den Schulen stattfinden. \u201eTierschutz hat seit 2002 Grundrechtsrang, doch im Bildungssystem ist davon wenig angekom -\nmen\u201c, sagt sie. Kindern werden mit Tricks, wie B\u00e4rchenwurst und Chicken Nuggets, die das lebende Tier nicht mehr erkennen lassen, Fleischprodukte schmackhaft gemacht. Das Leid dahinter wird verschwiegen. Doch f\u00fcr Astrid haben Kinder ein Recht auf die Wahr -\nheit \u2013 altersangemessen und von Anfang an. \nVor allem Sch\u00fclerinnen und Sch\u00fcler sollten \nwissen, wie Tiere leben, dass sie f\u00fchlen k\u00f6nnen \u2013 und was sie wirklich brauchen. Sie pl\u00e4diert f\u00fcr einen Tierschutzunterricht, der Raum f\u00fcr Nachfragen bietet, zur kritischen Reflexion anregt, Fakten vermittelt und so \neinen wesentlichen Beitrag zur Erf\u00fcllung \ndes Bildungs- und Erziehungsauftrags von Schulen bietet. Astrid m\u00f6chte nicht, dass die Tiere einfach nur gr\u00f6\u00dfere K\u00e4fige, etwas mehr Tageslicht, Au\u00dfenklima oder ein etwas l\u00e4n -\ngeres Leben erhalten. Sie m\u00f6chte, dass Tiere nicht mehr ausgebeutet werden. \u201eEs gibt keinen Grund, einem Tier Dinge zuzuf\u00fcgen, die man selbst keinesfalls erleiden m\u00f6chte\u201c, sagt sie. \u201eDer aktuell betriebene \u201aZentime -\ntertierschutz\u2018 verl\u00e4ngert schier unvorstell-\nbares Tierleid. Der barbarische Umgang mit \nTieren in den verschiedenen Nutzungskon -\ntexten steht im krassen Widerspruch zu den Werten unserer Gesellschaft.\u201c Und sie stellt ein f\u00fcr allemal klar: \u201eEs gibt kein Fleisch von gl\u00fccklichen Tieren, sondern nur von toten.\u201c\nEs liegt an uns\nAstrid hat recht; sie ist ehrlich. Freddy  \nm\u00f6chte weder auf 0,7 noch auf einer bio-\nzertifizierten Fl\u00e4che von 0,9 Quadratmetern \nleben \u2013 und schon gar nicht eingesperrt in einem dunklen Stall, mit schlechter Luft und vielen anderen Schweinen. Freddy m\u00f6chte nicht im Tierversuchslabor f\u00fcr Kreislaufversu -\nche oder f\u00fcr unseren Fleischkonsum sterben, egal wie sch\u00f6n wir es uns reden. \nWir k\u00f6nnen uns \u00fcber den Klimawandel, \nden gerodeten Regenwald f\u00fcr Futtermittel, die Wasserverschmutzung durch G\u00fclle, die multiresistenten Keime, das Artensterben, die schlechten Arbeits- und Lebensbedin -\ngungen bei den Schlachtkonzernen, die Tierschutzskandale oder das Billigfleisch aufregen \u2013 doch wenn wir unsere Einstellung und unseren Konsum nicht \u00e4ndern, sind wir mitverantwortlich. Tagt\u00e4glich.\nZur Person\nAstrid Reinke ist die Vorsitzende von Achtung f\u00fcr Tiere e.V. und Stifterin der Tierschutzstiftung Lebenshof. Sie ist Tier\u00e4rztin und absolvierte ein \nZweitstudium f\u00fcr das Lehramt in den \nF\u00e4chern Philosophie und P\u00e4dagogik.\nDer Verein \u201eACHTUNG F\u00dcR TIERE\u201c  verfolgt das Ziel, eine friedliche, faire Beziehung zwischen  \nMenschen und anderen Tieren herzustellen. Er bietet zu unterschiedlichen Tierrechts- und Tierschutzthemen bundesweit Bildungsangebote an. Insbesondere weniger popul\u00e4re  \nThemen, wie Tierversuche und Ponykarussells liegen ihm am Herzen. Der Verein und die Stiftung, die den Hof als Lebensraum f\u00fcr die Tiere erh\u00e4lt, finanzieren  \nsich ausschlie\u00dflich \u00fcber Spenden, Patenschaften und andere freiwillige Zuwendungen. www.Achtung-fuer-tiere.de\ngtinfo_540.indd   21 28.09.21   16:2522\nGestaltung: Carl CrossMedia \u00b7 Fotolia, \u00a9 KellerEcht schickes Tor !\nUnd die genauso schicke Haust\u00fcr mit dazu!\nwww.diebausto\ufb00  partner.deOststra\u00dfe 188\n33415 VerlTel: 0 52 07 / 990-0\nHans-B\u00f6ckler-Str. 25 - 27\n33334 G\u00fctersloh\nTel: 0 52 41 / 50 01-0\nBerliner Str. 490\n33334 GT / Avenwedde\nTel: 0 52 41 / 96 90 30\nFranz-Claas-Str. 11\n33428 HarsewinkelTel:  0 52 47 / 92 39-0\nL\u00fcbberbrede 10\n33719 Bielefeld-Oldentrup Tel: 05 21 / 92 62 3-0\n12121SPENDEN -\nAdventskalender\n2021\nSSparkasse\n  G\u00fctersloh-RietbergSparkasse G\u00fctersloh-Rietberg, GBVS\nStichwort: AdventskalenderKonrad-Adenauer-Platz 133330 G\u00fcterslohoder per E-Mail unter: info.gbvs@spk-gt-rb.deBewerben Sie sich um ein\nT\u00fcrchen aus unserem Spenden-Adventskalender.\n     Sie sind ein Verein aus G\u00fctersloh,\nHarsewinkel oder Rietberg (Ihre Ge -\nmeinn\u00fctzigkeit wurde vom Finanzamt\nanerkannt).\n     Sie ben\u00f6tigen \ufb01nanzielle Unterst\u00fct -\nzung zur Verwirklichung eines beson -\nderen Projekts.Jeden Tag unterst\u00fctzen wir einen an -\nderen Verein oder eine Organisation in\n G\u00fctersloh, Harsewinkel oder Rietberg.Im Spendentopf liegen 24.000 \u20ac zur\nVer teilung bereit. Bewerben Sie sich\nbis zum 7. November 2021, wenn Siefolgende Punkte  erf\u00fcllen:\nJetzt bewerben:\nEinsendeschluss:\n7. November 2021A5quer Anz_SpendenAK 2021.qxp_Layout 1  17.08.21  12:00  Seite 1\ngtinfo_540.indd   22 28.09.21   16:2523Ansichten\nDie eine Partei holt das beste Bundestagswahl-\nergebnis seit Bestehen und gesteht Fehler ein, wird in vielen Analysen als halber Wahlver-lierer dargestellt. Die andere Partei holt das \nschlechteste Bundestagswahlergebnis seit \nBestehen und sieht das als klaren W\u00e4hler-auftrag, eine Regierung zu bilden und den n\u00e4chsten Kanzler zu stellen. Wenn diese Logik schon in meiner Jugend gegolten h\u00e4tte, w\u00e4re ich heute Lateinlehrer. \nVielleicht sollte Armin Laschet mal eine Kreuz-\nfahrt durch hochwasserarme Gebiete machen, um auf andere Gedanken zu kommen. Es gibt dort immer was zu lachen, ohne dass man dabei kompromittierend ge\ufb01  lmt wird. \nF\u00fcr die gute Stimmung auf den Welt-\nmeeren sorgen auch in Coronazeiten \nComedians. Ich muss mich outen: \nAuch ich mache dies vereinzelt, was u.a. an der Art der Bezahlung liegt.Diese beinhaltet neben kleinen Gagen eine Kabine mit All-inkl.-Versorgung. Zudem sehe ich Reisel\u00fcstling dabei meist sonnige Mittel-\nmeer-Destinationen. \nAls meine umweltbewussten Kinder mich alten \n\u00d6ko fragen, wie ich es mit meinem Gewissen vereinbaren kann, bei dieser Art Massentou-rismus mitzumachen, antworte ich: \u201eIch bin \nalt, nicht systemrelevant und brauche das Geld\u201c. Dann werde ich wach, bevor ich die Reaktion meiner Kinder darauf tr\u00e4umen kann und gehe unauff\u00e4llig zum Klimastreik. \nSind Kreuzfahrten mein drittes Reich? Ist \ndies der schwarze Fleck auf meiner ansonsten reinen vegetarischenautofreien \u00d6ko-Weste? Ambivalenz war schon immer eines meiner Lieblingshobbys. Durch die Schiffsreisen habe ich Teilzeitno-made Orte kennengelernt, die ich nie bereist h\u00e4tte: so z.B. den Suezkanal, der seine Reize hat, vor allem, wenn man ihn wieder ver-lassen kann. Im Mittelmeerraum zu arbeiten, hat viele Vorteile. Durch Corona f\u00fchlt sich das B\u00fchnenleben an Land wie ein Hobby an, an Bord sieht es auch noch nach purer Erholung aus. Unterstrichen wird dies durch die schnelle Gewichtszunahme auch Gewichtstsunami genannt. Man kann vom Fr\u00fchst\u00fcck bis zum Mittagsbuf-fet hin\u00fcbergleiten, um dann mit Cocktails die \nWartezeit bis zum abendlichen 5-G\u00e4nge-Men\u00fc \nim Feinschmecker-Restaurant zu verk\u00fcrzen. Zum Abschluss noch Currywurst und Pommes gegen den Nachhunger. Dieses Always-you-can-eat-buffet f\u00fchrt nach wenigen Tagen dazu, dass man eine TrackingApp braucht, um den \nR\u00fcckweg zur Kabine zu \ufb01  nden. Die eigenen \nF\u00fc\u00dfe jedenfalls sieht man dann f\u00fcr gew\u00f6hn-lich nicht mehr. Wer bei dieser massiven Ver-\u00e4nderung der Fettzellenstruktur gegensteuern m\u00f6chte, kann sich morgens auf Trimmr\u00e4dern trampelnd von einer \u00fcbermotivierten Fitness-\ndomina im pinken Strampelanzug anfeuernd \nanbr\u00fcllen lassen. Wenn ich mich in mei-\nner Freizeit anbr\u00fcllen lassen m\u00f6ch-te, ver\u00e4ndere ich an einem Samstag zuhause das WLAN-Passwort, schon steht vor mir der komplette Familien-\nchor des Entsetzens.\nWem das zu anstrengend ist: beim Sicherheits-check werden im Metallrahmen, den man bei R\u00fcckkehr an Bord durchschreitet, mittels Ul-traschallbeschuss die \u00fcber\ufb02  \u00fcssigen Fettzellen zerst\u00f6rt, um Platz f\u00fcr Nachschub zu schaffen. \nOb man sich die komplette Reise nur \nmit Futtern und Flatratetrinken be-sch\u00e4ftigt oder mit landeskundlichen Vortr\u00e4gen und individuellen Landg\u00e4n-gen, ist eine Frage des freien Willens.Man kann auch aus einer Kreuzfahrt eine Bildungsreise machen. \nCorona hat das Kreuzfahrtgesch\u00e4ft stark \nersch\u00fcttert. Die Schiffe fahren nur noch mit 30\u201350 Prozent der \u00fcblichen Belegung. Die G\u00e4ste freuen sich \u00fcber Sonderangebote und mehr Platz an Bord. Im Theater haben wir \nmaskierte Zuschauer vor uns mit gr\u00f6\u00dferem \nAbstand zur B\u00fchne. Das Lachen ist oftmals nur zu erahnen, hier h\u00e4tte Laschet f\u00fcr den Be-such bei Hochwasseropfern trainieren sollen. WESTFALEN WELTWEIT!\nDie monatliche Kolummne von Martin Quilitz\nZur Person\nMartin Quilitz hat seine ersten Auftritte\nin der Weberei in G\u00fctersloh gemacht.Der geb\u00fcrtige Rietberger kann alsModerator+Kabarettist auf mehr als3.000 B\u00fchnenauftritte sowie 100 TV-Sendungen zur\u00fcckblicken. Er moderiert und konzipiert Variet\u00e9-Shows, Comedy Clubs, Kongresse etc. und gibt Workshops. Aktuelle Premiere am 2.10. \u201eDas geheime Leben der Westfalen\u201c. Martin Quilitz schreibt f\u00fcr gt!nfo als freier Autor.Es fahren nur noch die H\u00e4lfte der Schiffe, die \nNeueren mit besseren Filtersystemen, aber \u201eda ist noch viel Luft nach oben\u201c. Beliebte Ziele wie Venedig und Santorini haben die Ver-\nschnaufpause dringend gebraucht. \nIch m\u00f6chte kein Pl\u00e4doyer f\u00fcr Kreuz-\nfahrtmassentourismus halten, aber Massen von Individualreisenden sind auch nicht grunds\u00e4tzlich ein Segen \nf\u00fcr Land und Leute.  In Coronazeiten d\u00fcrf-\nte man zudem nur an wenigen Orten sicherer \nunterwegs sein als an Bord. T\u00e4gliche Temperaturmessung, Antigentests, Masken-p\ufb02  icht, st\u00e4ndiges Desin\ufb01  zieren der H\u00e4nde. Auf meinen H\u00e4nden lebt nach einer solchen Fahrt \nnichts mehr, ich k\u00f6nnte ohne Handschuhe am \noffenen Herzen operieren. Ob ich diese Hygienestandards beim indivi-duell geplanten Urlaub auch hinbekommen w\u00fcrde? Ich habe da meine Zweifel. \nDie Pandemie hat uns an manchem zweifeln \nlassen, mich auch an meinen Lieblingsvorur-\nteilen. Der \u00f6kologisch vertr\u00e4glichen Form des \nReisens sollte die Zukunft geh\u00f6ren, das muss aber nicht zwingend ein alter hippieesker VW-Bulli mit Abgaswerten sein, die an russische Wahlergebnisse erinnern. \nWieviel Individualismus wird sich die \nMenschheit in Zeiten von Pandemien k\u00fcnftig noch leisten? Das kann jeder nur individuell f\u00fcr sich beantworten.\ngtinfo_540.indd   23 28.09.21   16:2524 25\nGang durch meine Stadt\nEin Schritt, ein Bild. Dort, an genau diesem Ort! Wie die Zeit vergeht ... \nErinnerungen werden wach beim Gang durch meine Stadt.\nWarme Sp\u00e4tsommertage, unbeschwert und leicht, jung und frei. \nDas Auge sieht zweimal. Das, was ist \u2013 und das, was war. \nBeim Gang durch meine Stadt. weitere\nAuswahl\nwww.gt-info.de/\ngt-urban\nGT Urban\nOn the road\nW\u00e4hrend du schliefst\u2026 es sind die \nKleinigkeiten\u00dcberall Streifen ...\nGOLDANKAU F\nGold | Silber | Altgold | Zahngold\n(auch mit Z\u00e4hnen)JOSEF\nPFANDLEIHHAUS\nKFZ \u2022 GOLD \u2022 SILBER \u2022 DIAMANTEN \u2022 LUXUSUHREN\nWir zahlen absolut faire Preise! \u00dcberzeugen Sie sich selbst!\nBARGELD SOFORT!\n\u00d6ffnungszeiten: Mo-Fr 9:00-18:00 Uhr durchgehend ge\u00f6ffnetTRAURINGKONFIGURA TOR designen Sie sich Ihren T rau(m)ring!Ankauf von versilbertem Besteck 80/90/100Ankauf von Bernstein\nAm Neuen Baum 4 \u2022 59229 Ahlen\nTel.: 0 23 82 / 9 68 12 25www .jc-schmuck.deAnkauf von versilbertem Besteck 80/90/100Ankauf von Bernstein!\nWir zahlen absolut faire Preise!! \u00dcberzeugen Sie sich selbst!\nBARGELD SOFORT!\nJUWELIER GT-GOLD\nSpiekergasse 5 \u2022 33330 G\u00fctersloh  \nTel.: 0 52 41 / 2 12 18 93 \u00b7 www.gt-gold.de\n\u00d6ffnungszeiten: Mo. bis Fr. von 9:30 bis 18:00 Uhr und Sa. von 10:00 bis 15:00 UhrGOLDANKAUF\nGold | Silber | Altgold | Zahngold\n(auch mit Z\u00e4hnen)BATTERIE-  \nWECHSELMIT DIESEM COUPON\n10 JAHRE \nGARANTIEMAX. 100  \nUHREN/KUNDE\nBis 3 Wochen g\u00fcltig. 02/2020\nnurstatt 8,\u2013 \u20ac\n \u20acFotos: Sebastian KrysiakWir haben das Wort!\nVirus ist in der Anne-Frank-Gesamtschule nicht nur ein h\u00f6chst \naktuelles Wort, sondern der Name der Sch\u00fclerzeitung. In dieser \nAusgabe geht es um Fake News und ein Pl\u00e4doyer f\u00fcrs Impfen. Anzeige\nSchool\u2018s out\nIllustration und Foto: Alexandra Wlasnew\nViele weitere Artikel aus dem \nSch\u00fclermagazin \u201eVirus\u201c der Anne Frank Gesamtschule online!\nanderen aber nur Meinungsvertreter eingeladen sind, denn \nin diesem Fall werden Fakten mit Meinungen gleichgesetzt. \nTrotzdem wird den Konsumenten des medialen Formats der \nEindruck vermittelt, dass beide Seiten die gleiche Gewich -\ntung haben, was nat\u00fcrlich nicht richtig ist, da eine wissen -\nschaftlich begr\u00fcndete Position einen anderen Stellenwert hat als eine blo\u00dfe Meinungs\u00e4u\u00dferung.\nWie also damit umgehen? Als Konsumenten sollten wir immer \nim Hinterkopf behalten, dass dieses Problem existiert, und \nuns zus\u00e4tzlich m\u00f6glichst breit in vielen verschiedenen Medien \ninformieren. Medienvertreter wiederum sollten Fakten als \nsolche darstellen und Theorien und Meinungen bei wissen\n-\nschaftlichen Themen m\u00f6glichst keine B\u00fchne mehr bieten.\nLinus Martinschledde, Q2 Wer sich viel in den sozialen Medien bewegt, stellt immer \nh\u00e4ufiger fest, dass wissenschaftliche Fakten angezweifelt \nwerden und stattdessen seltsame Fake News verbreitet \nwerden, wie zum Beispiel, dass es den Klimawandel nicht \ngebe, Impfen Autismus verursache oder Corona eine L\u00fcge \nder Regierung sei. Die Gr\u00fcnde daf\u00fcr, dass Menschen we -\nniger auf die Wissenschaft h\u00f6ren, sondern eher unseri\u00f6sen Quellen Glauben schenken, sind kompliziert und vielf\u00e4ltig; \nein Grund daf\u00fcr k\u00f6nnte allerdings die sogenannte \u201efalsche \nGleichgewichtung\u201c sein.\nUnter \u201eGleichgewichtung\u201c versteht man zun\u00e4chst ein\n-\nmal, dass in den Medien, zum Beispiel in Talkshows, zwei \nunterschiedliche Positionen zu einem Thema den gleichen \nStellenwert bekommen, dass also Experten beider Seiten \ndieselbe Redezeit und Aufmerksamkeit bekommen. Sollte \ndies nicht der Fall sein, spricht man von \u201efalscher Gleich -\ngewichtung\u201c. Besonders problematisch ist es, wenn die eine \nPosition mit wissenschaftlichen Fakten belegt wird, zu der Fakten und MeinungenDie Frage, ob man sich gegen eine Krankheit impfen lassen sollte, wurde noch nie so heftig diskutiert wie heute. Die M\u00f6glichkeit einer Corona-Impfung hat bei manchen zu \ngro\u00dfer Freude, bei anderen zu Bedenken oder wirren Verschw\u00f6rungstheorien gef\u00fchrt, \n\u00fcber die seri\u00f6se \u00c4rzte nur den Kopf sch\u00fctteln.\nSchon vor Corona hat sich ein Ger\u00fccht besonders hartn\u00e4ckig gehalten: Impfen verursa\n-\nche Autismus. Es wurde 1998 vom britischen Arzt Andrew Wakefield in die Welt gesetzt, \nder dies angeblich durch eine Studie belegte, sie bald jedoch zur\u00fcckzog, da sie gro\u00dfe \nSchwachstellen aufwies. Keine seri\u00f6se Studie hat jemals einen kausalen Zusammenhang \nzwischen dem Impfen und der Entwicklungsst\u00f6rung Autismus feststellen k\u00f6nnen, doch \nWakefield und seine Anh\u00e4nger predigen es bis heute.\nIch habe das Gef\u00fchl, dass bei manchen Menschen die Gehirnzellen absterben, wenn sie \nsolchen Quatsch lesen. Wie kann es sonst sein, dass Eltern ihre Kinder nicht gegen die \nsogenannten \u201eKinderkrankheiten\u201c impfen lassen, obwohl diese sehr gef\u00e4hrlich sein k\u00f6n -\nnen. Die Pandemie und die M\u00f6glichkeit, sich gegen das Virus impfen zu lassen, hat zu \nneuen verr\u00fcckten Theorien gef\u00fchrt. So soll dabei ein 5G-Nanochip eingespritzt werden, \ndurch den man von Regierung, Bill Gates oder beiden kontrolliert werden kann.\nDiese Verschw\u00f6rungsmythen sind nat\u00fcrlich hirnrissig. Andere Bedenken sollte man aber \nschon ernst nehmen, da es einige Unterschiede zu etablierten Impfstoffen gibt. So \ndurchl\u00e4uft die Entwicklung eines Impfstoffes normalerweise jahrelange Testverfahren, \num Langzeitfolgen abzuw\u00e4gen. Diese Zeit hatte man aktuell nicht. Die Vaccine gegen Covid 19 wurden schneller als andere zugelassen; allerdings wurde die Forschung durch \nviel h\u00f6here Summen unterst\u00fctzt, so dass es zu recht sicheren Studien in kurzer Zeit kom\n-\nmen konnte.Dennoch k\u00f6nnen bei den erstmals verwendeten mRNA-Impfstoffe Langzeitfolgen nicht \nsicher eingesch\u00e4tzt werden. Allerdings hat die Erfahrung mit \u00e4lteren Impfstoffen gezeigt, \ndass Nebenwirkungen meist schon kurze Zeit nach dem Impfen auftreten. Zus\u00e4tzlich \ngibt es auch weiterhin Kontrollen und Langzeitstudien, um die Sicherheit zu erh\u00f6hen und \ndie Impfstoffe anzupassen.\nNat\u00fcrlich ist nicht alles reibungslos verlaufen, und nicht jeder, der Kritik \u00fcbt, ist ein \nverr\u00fcckter Impfgegner. Trotzdem bin ich der Meinung, man sollte sich impfen lassen, \ndenn der Nutzen ist deutlich gr\u00f6\u00dfer als das Risiko. Und es ist nun einmal so, dass wir die \nPandemie nur durch die Herdenimmunit\u00e4t \u00fcberwinden und nur so zu unserem normalen \nLeben zur\u00fcckkehren k\u00f6nnen.\nEmily Niehaus, Q2Impfen? \u2013 Ja, bitte!\n27 2628 29\nMit Pr\u00e4senz \nins Winter- \nsemester  Chancen & Karriere\nte Studieng\u00e4nge. Insgesamt kooperiert die \nHochschule mit mehr als 300 Unternehmen \nin Ostwestfalen und ganz Deutschland.\nCorona stiehlt dem Jubil\u00e4umsjahr \ndie Show\nDie Pr\u00e4sidentin hatte sich die zentrale Erst -\nsemesterbegr\u00fc\u00dfung im 50. Jubil\u00e4umsjahr \nder Fachhochschule Bielefeld urspr\u00fcnglich \nganz anders vorgestellt: \u201eWir hatten vor \nzwei Jahren tolle Ideen f\u00fcr Veranstaltungen \npassend zu unserem Jubil\u00e4umsmotto \u201a50 \nYears of Future\u2018. Da wir in der Pandemie \njedoch weiterhin \u201aauf Sicht fahren\u2018, widmen \nwir momentan unsere ganze Aufmerksamkeit \ndem Richtungswechsel in Richtung Pr\u00e4senz. \nIch bin aber zuversichtlich, dass wir im kom -\nmenden Jahr die eine oder andere Feier mit unseren Studierenden nachholen k\u00f6nnen, \ndie uns Corona nicht erlaubt hat.\u201c\n  \nFreude \u00fcber Pr\u00e4senzlehre, \naber auch Unbehagen\nViele Hochschulangeh\u00f6rige freuen sich \u00fcber \ndie R\u00fcckkehr zur Pr\u00e4senzlehre. Der Pr\u00e4siden\n-tin ist allerdings bewusst, dass dieser Schritt nicht von allen Studierenden und Lehrenden \nohne Sorge gesehen wird \u2013 aus gesundheit\n-\nlichen, organisatorischen oder finanziellen \nGr\u00fcnden. So wohnen beispielsweise viele \nStudierende nicht mehr in der N\u00e4he ihres \nStudienortes oder haben schlichtweg mit \neinem weiteren Online-Semester geplant. \nSchramm-W\u00f6lk: \u201eUnsere Studierenden sowie \nalle Hochschulangeh\u00f6rigen, Fachbereichs -\nleitungen, Lehrende, Dezernate und zent -\nrale Einheiten haben in den vergangenen \nMonaten Au\u00dferordentliches geleistet. Die \nR\u00fcckkehr zur Pr\u00e4senz bedeutet f\u00fcr uns alle \nerneut einen Kraftakt. Wir k\u00f6nnen nicht ver -\nsprechen, dass es f\u00fcr alle die ideale L\u00f6sung geben wird \u2013 auch die Kombination von \nPr\u00e4senzlehre und digitaler Lehre hat logisti\n-\nsche Grenzen. Aber wir sind zuversichtlich, im \nEinzelfall gute L\u00f6sungen zu finden.\u201cAuch im Geb\u00e4ude \n\u201eGleis 13\u201c in G\u00fctersloh werden in den n\u00e4chsten Wochen und Monaten wieder die Studieren\n-\nden vor Ort sein.\nDie Pr\u00e4sidentin der FH Bielefeld, Professor \nDr. Ingeborg Schramm-W\u00f6lk, begr\u00fc\u00dfte die \nStudierenden in einer Videokonferenz: \u201eNicht \nnur die Erstsemester sind \u201aneu\u2018 an der Hoch -\nschule. In diesen Tagen betreten auch viele Zweit-, Dritt- und Viertsemester zum ersten \nMal ihre Hochschule. Wir freuen uns sehr, \ndass wir nach drei Online-Semestern nun die \nPr\u00e4senzlehre wiederaufnehmen k\u00f6nnen. Die \nFH Bielefeld als Ort der pers\u00f6nlichen Begeg\n-\nnung, des Austausches, des gemeinsamen Studierens und Forschens kann so wieder \nanders gelebt werden. Das ist sowohl f\u00fcr \nden wissenschaftlichen Diskurs als auch f\u00fcr \nden Studienerfolg unverzichtbar.\u201c \n980 Personen haben an der zentralen Erst\n-\nsemesterbegr\u00fc\u00dfung teilgenommen. \u00dcber die \ngenaue Ausgestaltung der Pr\u00e4senz vor Ort \nwerden die Studierenden in diesen Tagen in \nden Einf\u00fchrungsveranstaltungen informiert.Viele studieren berufsbegleitend \noder praxisintegriert\nDie Gesamtzahl der Studierenden liegt \u2013 \nStand 20. September \u2013 bei 10.582. Davon \nsind gut 550 am Standort G\u00fctersloh, mehr als 1.600 am Campus Minden und rund \n8.300 in Bielefeld eingeschrieben. F\u00fcr ein \npraxisintegriertes Studium haben sich mehr \nals 1.040 Studierende entschieden. Gut 900 \nPersonen studieren berufsbegleitend mit \nLehrveranstaltungen an Samstagen. Da in \neinigen Studieng\u00e4ngen noch Nachr\u00fcckver\n-\nfahren laufen, k\u00f6nnen die Zahlen noch weiter anwachsen.\nWirtschaftspsychologie und \nSoziale Arbeit stark nachgefragt\nDie beliebtesten Bachelorstudieng\u00e4nge an \nder FH Bielefeld mit den meisten Bewerbe\n-\nrinnen und Bewerbern sind \u2013 Stand heute \u2013 \nWirtschaftspsychologie (1.172 Bewerbungen \nauf 15 Pl\u00e4tze) und Soziale Arbeit (1.982 auf 108 Pl\u00e4tze). Auch P\u00e4dagogik der Kindheit, \nWirtschaftsrecht, Wirtschaftsingenieur\n-\nwesen, BWL, Wirtschaftsinformatik, Inter -national Studies in Management, Informatik, Gestaltung, Bauingenieurwesen, Projekt\n-\nmanagement Bau und Architektur sind in diesem Jahr sehr gefragt. Insgesamt haben \nsich ann\u00e4hernd 10.000 Personen um einen \nStudienplatz an der Fachhochschule Biele\n-\nfeld beworben.\nErstmals mehr als 100 Erstsemester \nam Campus G\u00fctersloh\nEinen Rekord verzeichnet der Campus \nG\u00fctersloh bei den praxisintegrierten Inge -\nnieursstudieng\u00e4ngen: Erstmals haben sich in diesem Semester mehr als 100 junge Men\n-\nschen f\u00fcr ein solches Studium in G\u00fctersloh entschieden. Im praxisintegrierten Studien\n-\nmodell sind die Studierenden w\u00e4hrend der gesamten Studiendauer in einem Unterneh\n-\nmen besch\u00e4ftigt und erhalten eine Verg\u00fc -\ntung. Dabei wechseln sich 11-w\u00f6chige Pra -\nxisphasen im Unternehmen mit 12-w\u00f6chigen Theoriephasen an der Fachhochschule ab. \nF\u00fcnf praxisintegrierte Bachelorstudieng\u00e4n\n-\nge werden in G\u00fctersloh angeboten. Auch in \nMinden und Bielefeld gibt es praxisintegrier -Infos zum \u201a3G-\nWintersemester\u2018\nDie Wiederaufnahme der Pr\u00e4 -\nsenzlehre erfolgt auf Grundla -\nge der gesetzlich vorgeschrie -\nbenen 3G-Regel, nach der die \nStudierenden f\u00fcr die Teilnahme an Lehrveranstaltungen ihren Status als Geimpfte, Gene\n-\nsene oder Getestete nach -\nweisen m\u00fcssen. Die Kontrolle des 3G-Status wird an dem jeweiligen Standort durch daf\u00fcr vorgesehenes Personal vorgenommen. Zudem ist in Innenr\u00e4umen der Hochschule weiterhin eine medizinische Maske zu tragen.\nDie Pr\u00e4sidentin der FH Bielefeld, \nProfessor Dr. Ingeborg Schramm-W\u00f6lk, begr\u00fc\u00dfte die Erstsemester in einer Videokonferenz. \nDer Dekan des Campus Minden, Professor Dr. Oliver Nister, hat die Erstsemester online zum Start ins Wintersemester 2021/2022 begr\u00fc\u00dft.  \nFoto: tFH BielefeldFoto: Susanne Freitag / FH Bielefeld\nFoto: Corinna Mehl / FH BielefeldIllustration: Shutterstock30 31Chancen & Karriere\n67 junge Menschen starten \nins Berufsleben durch\nEinf\u00fchrungstage f\u00fcr Auszubildende, Praktikanten \nund Bundesfreiwilligendienstleistende\n67 junge Frauen und M\u00e4nner geh\u00f6ren jetzt neu zum \nTeam der Stadt G\u00fctersloh: Zum 1. September bezie -\nhungsweise schon zum 1. August haben sie eine Ausbil -\ndung, ein Praktikum oder einen Bundesfreiwilligendienst bei der Stadt begonnen. Die Einf\u00fchrungstage wurden \nauch in diesem Jahr aufgrund der Abstands- und \nHygieneregeln auf drei Termine verteilt. \nDie letzte und gr\u00f6\u00dfte Gruppe, bestehend aus 18 Azubis \nim Erziehungsdienst, 14 Verwaltungsauszubildenden \nsowie jeweils drei Anerkennungspraktikanten im Er\n-\nzieherberuf oder im Bereich Soziale Arbeit, wurde am 1. September von B\u00fcrgermeister Norbert Morkes sowie \nKolleginnen und Kollegen aus der Verwaltung in der \nG\u00fctersloher Stadthalle zu Beginn ihrer Einf\u00fchrungswo\n-\nche beziehungsweise ihres Einf\u00fchrungstags willkommen gehei\u00dfen. \n\u201eWir bei der Stadtverwaltung G\u00fctersloh sind vielf\u00e4l\n-\ntig\u201c, betonte B\u00fcrgermeister Norbert Morkes bei seiner \nBegr\u00fc\u00dfung. \u201eDiese Vielfalt wird heute ganz deutlich: 67 \nneue Mitarbeiterinnen und Mitarbeiter starten in ganz \nverschiedenen Berufen.\u201c Die Bandbreite ist gro\u00df: Die \njungen Leute beginnen ihre Ausbildung als Verwaltungs -\nfachangestellte oder Erzieher, absolvieren ein duales \nStudium mit den Abschl\u00fcssen Bachelor of Laws und Ba -chelor of Arts (Verwaltungsinformatik) oder durchlaufen ein Anerkennungspraktikum f\u00fcr den Erzieherberuf oder \nim Bereich Soziale Arbeit. Dar\u00fcber hinaus treten 29 junge \nMenschen ihren Bundesfreiwilligendienst, ihr Freiwilliges \nSoziales Jahr oder ihr Fachoberschul-Praktikum bei der \nStadt G\u00fctersloh an. \nDie Einf\u00fchrungstage erm\u00f6glichen den Auszubilden\n-\nden einen guten Start bei der Stadt G\u00fctersloh: Au\u00dfer \nInformationen zur Stadtverwaltung, zu den Au\u00dfenstellen \nund Berufsschultagen geht es auch um M\u00f6glichkeiten \nder Aus- und Weiterbildung. Vor allem aber erhalten die \nAzubis die Chance, sich untereinander kennenzulernen. \n\u201eIch w\u00fcnsche euch eine tolle Ausbildungszeit, in der ihr \nviel lernt, euch und eure Ideen einbringt und f\u00fcr die B\u00fcr -\ngerinnen und B\u00fcrger unserer Stadt da seid\u201c, gab Norbert \nMorkes den neuen Mitarbeiterinnen und Mitarbeitern mit \nauf den Weg. \u201eIhr habt tolle Ausbilderinnen und Ausbil -\nder, bei denen ihr in den besten H\u00e4nden seid, und die T\u00fcr \ndes B\u00fcrgermeisters steht f\u00fcr euch immer offen.\u201cB\u00fcrgermeister Norbert Morkes begr\u00fc\u00dft die neuen Auszubildenden der Stadt G\u00fctersloh auf dem Hans-Werner-Henze-Platz zu ihren \nEinf\u00fchrungstagen in der Stadthalle.\nBerliner Stra\u00dfe 70\n33330 G\u00fcterslohTelefon: 0 52 41 / 82-1www.guetersloh.deAnzeige\nFoto: Stadt G\u00fctersloh\nMein Konto  \nso individuell  \nwie ich Voller Servi ce. \n Kom fort ohne Abenteuer.  \n Das ist mein \n INKLUSIVE Konto. \n0123  4567  1234  0123  4567 00INKLUSIVE Konto     \nSMART \u2013 PLUS \u2013 INKLUSIVE \nW\u00e4hlen Sie das Konto, das zu Ihren Lebens- lagen passt. Flexibel, schnell und unkompliziert.www.volksbank-bi-gt.de/inklusive540_Volksbank_122x172.qxp_Layout 1  19.09.21  17:11  Seite 1Chancen & Karriere\nKARRIERESTART IN EINE STARKE ZUKUNFT\nNach der Schule direkt mit einem Studium \noder einer Ausbildung durchstarten \u2013 bei \nder Finanzverwaltung Nordrhein-West -\nfalen geht beides. \u201eIn unserem Finanzamt \nstarten in diesem Jahr elf Studierende \nund f\u00fcnf Auszubildende \u201c, teilt Stephan \nSpies, Dienstellenleiter des Finanzamts \nG\u00fctersloh mit. \u201eDie neuen Kolleginnen und \nKollegen erwartet eine hervorragende, \nmoderne Ausbildung in einem kompeten -\nten Team.\u201c\nW\u00e4hrend des Studiums und der Aus -\nbildung wechseln sich Unterrichtsphasen \nmit berufspraktischer Ausbildungszeit in \neinem Finanzamt ab \u2013 eine ideale Vorbe -\nreitung auf das sp\u00e4tere Berufsleben.\n\u201eDurch den Mix aus Studienabschnitten \nund praktischem Arbeiten im Finanzamt \nist unser duales Studium sowie unsere \nduale Ausbildung abwechslungsreich und bietet die ideale Vorbereitung auf den \nEinstieg in die Berufswelt\u201c, so Stephan \nSpies.  \u201eWir bieten unseren Anw\u00e4rterinnen \nund Anw\u00e4rtern eine moderne F\u00fchrungs\n-\nkultur, flexibles Arbeiten \u2013 auch im \nHomeoffice \u2013 und vor allem eine moder -\nne, digitale Lern- und Arbeitsumgebung. Daf\u00fcr statten wir unsere Nachwuchskr\u00e4fte \nmit Tablets aus.\u201c Auszubildende erhalten \nau\u00dferdem vom ersten Tag an 1.300 Euro \nim Monat in Ausbildung oder Studium.\nF\u00fcr das dreij\u00e4hrige duale Studium zur \nDiplom-Finanzwirtin bezeihungsweise zum \nDiplom-Finanzwirt an der Hochschule f\u00fcr \nFinanzen Nordrhein-Westfalen m\u00fcssen \nBewerberinnen und Bewerber das Abitur \noder die Fachhochschulreife mitbringen. \nDie duale Ausbildung zur Finanzwirtin bzw. \nzum Finanzwirt dauert zwei Jahre. Hierf\u00fcr \nwird die Fachoberschulreife oder ein ver\n-\ngleichbarer Schulabschluss erwartet.\nInsgesamt starten in den Finanz\u00e4mtern in \nNordrhein-Westfalen \u00fcber 1.500 Nach -\nwuchskr\u00e4fte und auch f\u00fcr das kommende Jahr sind wieder \u00fcber 1.000 Studienpl\u00e4tze \nsowie zus\u00e4tzlich 485 Ausbildungspl\u00e4tze in \n104 Finanz\u00e4mtern zu vergeben. Bewer\n-\nbungen sind online unter www.ausbil -\ndung-im-finanzamt.de m\u00f6glich.\nWeitere Infos rund um die Ausbildung, \ndas Studium und das Berufsbild erhal -\nten Interessierte auf der Karriereseite der Finanzverwaltung unter www.die-zu\n-\nkunft-steuern.nrw oder von dem Bewer -\nbungsteam f\u00fcr die Finanz\u00e4mter unter der Telefonnummer 0251 / 934 1720.Der Ausbildungsjahrgang 2021.\nFoto: Finanzamt G\u00fctersloh32 33Chancen & Karriere\nKERSTIN BEYES: Seit 2020 gibt es die \ngeneralistische Pflegeausbildung, die \ndie bisherigen Ausbildungen der Alten-, \nKranken- und Kinderkrankenpflege \nverbindet. Mit dieser in der EU weit an -\nerkannten  Ausbildung k\u00f6nnen Fachkr\u00e4f -\nte in allen Pflegebereichen arbeiten. Die \nformale Anforderung f\u00fcr diese Ausbil -\ndung ist eine abgeschlossene 10-j\u00e4hrige allgemeine Schulbildung, Fachober\n-\nschulreife oder abgeschlossene Berufs -\nausbildung. \nSTEFAN RISCHER:  Neben den formalen \nVoraussetzungen gibt es inzwischen \nzahlreiche Ver\u00e4nderungen im Berufsbild \nder Pflegefachfrauen  und \u2013 m\u00e4nner, \ndie zur Entwicklungen eines modernen \nBerufsbildes erheblich beitragen. In der \n\u00d6ffentlichkeit wird mit dem Beruf leider \nnoch immer h\u00e4ufig nur die K\u00f6rperpflege verbunden. Kommunikation und Empathie bleiben weiterhin wesentliche Schl\u00fcssel\n-\nqualifikationen in allen Pflegeberufen. Erfreulicherweise werden die Nutzerin\n-\nnen und Nutzer unserer immer st\u00e4rker an den Entscheidungen rund um die eigene \nPflegesituation beteiligt. F\u00fcr die Pflege\n-\nfachfauen und \u2013m\u00e4nner folgt daraus die \nAnforderung, Pflege und Betreuung in \neinem multiprofessionellen Team umzuset -\nzen, zu dokumentieren und dar\u00fcber auch \nmit unseren Nutzerinnen und Nutzer im \nGespr\u00e4ch zu bleiben.\nNach welchen Standards erfolgen \ndie Ausbildungen?\nSTEFAN RISCHER: Die Ausbildung folgt \nklassisch dem dualen Modell aus Theorie \nund Praxis. Markant ist, dass die Auszu -\nbildenden der Einrichtung zwar in einer \nPflegeschule bleiben, um theoretisches \nWissen zu erlernen, aber im Verlauf der \nAusbildung unterschiedlichste Praxisorte \nkennenlernen. So entsteht schon w\u00e4hrend \nder Ausbildung die M\u00f6glichkeit, sich in den \nunterschiedlichen Institutionen zu erpro -\nben und einen T\u00e4tigkeitsschwerpunkt f\u00fcr \nsich zu ergr\u00fcnden.\nKERSTIN BEYES:  Die Auszubildenden wer -\nden in unseren Einrichtungen durch Praxis -\nKatharina-Luther-Haus und  \nWilhelm-Florin-Haus  \nin G\u00fctersloh\nWERDE TEIL DES GUTEN WERKSDich interessiert die P\uf0dfege?  \nWir bieten:  \n\u00b7 Ausbildungspl\u00e4tze zur P\uf0dfegefachfrau/zum P\uf0dfegefachmann \n\u00b7 Ausbildungspl\u00e4tze zum P\uf0dfegfachassistenten/zur \n P\uf0dfegefachassistentin (auch berufsbegleitend) \n\u00b7 Pl\u00e4tze im Johanneswerk-Jahr und f\u00fcr den \n Bundesfreiwilligendienst   \nWir suchen:  \n\u00b7 P\uf0dfegefachkr\u00e4fte und P\uf0dfegehilfskr\u00e4fte in Voll- und Teilzeit  \nkarriere.johanneswerk.de \nStefan Rischer, Tel. 05241 86 05-119Gemeinschaftsanzeige KLH und WFH.qxp_JW-AG-Gemeinschaftsanzeige KLH und WFH  14.09.21  10:59  Seite 1anleiterinnen und -anleiter begleitet, die selbst langj\u00e4hrige Berufserfahrung mit\n-\nbringen und zudem in besonderer Weise f\u00fcr die Ausbildung qualifiziert wurden. \nF\u00fcr die Anleitung werden sie zudem von \nanderen (Pflege-) T\u00e4tigkeiten freigestellt.\nWelche Ausbildungsschwerpunkte \nerwarten die Auszubildenden?\nSTEFAN RISCHER: Die K\u00f6rperpflege ist \nzwar noch immer ein Bestandteil der \nAusbildung, jedoch verschiebt sich bei \nden Pflegefachfrauen und -m\u00e4nnern der \nAnteil seit Jahren kontinuierlich. In den \nVordergrund r\u00fcckt immer st\u00e4rker die fach\n-\ngerechte Darstellung der Pflegsituation \nin der Dokumentation, die \u00fcberwiegend \nelektronisch erfolgt. Damit verbunden ist \nder intensivere Austausch im multiprofes -\nsionellem Team aus Mitarbeitern inner -\nhalb der Einrichtung, aber auch externen Dienstleistern, wie Physiotherapeuten, \n\u00c4rzte, Fach\u00e4rzten und Sanit\u00e4tsh\u00e4usern. \nDie Fachkr\u00e4fte \u00fcbernehmen daher immer \nmehr koordinierende Aufgaben und sind \neher in den komplexen Pflegesituationen mit Ihrer Expertise gefragt. Es werden Ge\n-\nneralisten ausgebildet, also Pflegefach -\nfrauen und -m\u00e4nner die zun\u00e4chst einmal ein breit aufgestelltes Grundwissen in den \nFeldern Altenhilfe, Gesundheitspflege \n\u201eKommunikation und Empathie \nsind Schl\u00fcsselfunktionen\u201c\nDas Evangelische Johanneswerk \nist ein attraktiver Arbeitgeber, der \nmit den Einrichtungen Katharina \nLuther-Haus, dem Wilhelm-Flo -\nrin-Haus sowie einer Tagespflege und einem ambulanten Dienst in \nG\u00fctersloh vertreten ist. gt!nfo f\u00fchr\n-\nte ein Gespr\u00e4ch mit Gesch\u00e4ftslei -\nterin der Region G\u00fctersloh Kerstin \nBeyes und Stefan Rischer, Hauslei -\nter im Wilhelm-Florin-Haus.\nWo liegen die Vorz\u00fcge f\u00fcr die Mitarbeitenden?\nKERSTIN BEYES:  Als diakonischer Arbeit -\ngeber ist das Evangelische Johanneswerk \nan das Tarifsystem der Diakonie Deutsch -\nland gebunden. Hieraus resultieren f\u00fcr die Mitarbeiterinnen und Mitarbeiter neben einer \n\u00fcberdurchschnittlichen Verg\u00fctung etliche \nfinanzielle Zusatzleistungen wie beispielswei\n-\nse ein Kinderzuschlag und eine betrieb -\nliche Altersvorsorge. An vielen Stellen gehen wir \u00fcber die tariflichen Leistungen \nhinaus und suchen nach M\u00f6glichkeiten, \nunsere Mitarbeiterinnen und Mitarbeiter \nindividuell zu unterst\u00fctzen. Ein Beispiel \nhierf\u00fcr ist das Fahrradleasing, das seit \neinigen Jahren zunehmend gut an\n-\ngenommen wird. Au\u00dferdem legen wir \ngro\u00dfen Wert auf die Vereinbarkeit von \nFamilie, Beruf und Privatleben. So gut wie \nm\u00f6glich versuchen wir, die Interessen der \nMitarbeiterinnen und Mitarbeiter, ihre fa -\nmili\u00e4ren Aufgaben und gesundheitlichen \nHerausforderungen mit den dienstlichen \nErfordernissen in Einklang zu bringen. \nSTEFAN RISCHER:  Eine der wesentlichen \nSt\u00e4rken des Ev. Johanneswerks liegt vor allem darin, dass Mitarbeiterinnen und \nMitarbeiter unterschiedlichste T\u00e4tig\n-keitsfelder angeboten werden k\u00f6nnen. Der markanteste Unterschied ist, dass \njede Einrichtung unterschiedliche Nutzer \nanspricht, daraus resultieren Anforde\n-\nrungen an das Personal, die mal st\u00e4rker auf somatische oder aber gerontopsy\n-\nchiatrisch orientierte Pflegesituationen ausgerichtet sind. F\u00fcr Mitarbeiterinnen \nund Mitarbeiter entsteht daraus die \nM\u00f6glichkeit, zwischen den Institutionen \nzu wechseln. Bei Berufsbiografien, die \nteilweise weit mehr als 15 beziehungs\n-\nweise 20 Jahre reichen, ist das ein wich -\ntiger Faktor f\u00fcr die Arbeitszufriedenheit und die Work-Life Balance. \nDie Ausbildung zu Pflegefachfrauen und \n\u2013m\u00e4nnern ist noch verh\u00e4ltnism\u00e4\u00dfig neu. \nWas hat sich im Anforderungsprofil f\u00fcr \nFachkr\u00e4fte beziehungsweise f\u00fcr Pflege\n-\nhilfskr\u00e4fte ge\u00e4ndert?Anzeige Anzeige\nund Kinderkrankenpflege haben. Die \neigentliche Spezialisierung auf ein T\u00e4tig -\nkeitsfeld erfolgt dann quasi erst mit der ersten Arbeitsstelle nach der Ausbildung.\nKERSTIN BEYES:  Mit dem Abschluss der \nAusbildung muss das Dazulernen gl\u00fcck\n-\nlicherweise nicht abgeschlossen sein. Innerhalb des Johanneswerks gibt es \nvielf\u00e4ltige M\u00f6glichkeiten, sich fortzu\n-\nbilden, weiterzuentwickeln und Karriere \nzu machen. Wir zwei sind seit vielen \nJahren beim Johanneswerk besch\u00e4ftigt \nund beide in diesem Jahr in ganz neue \nPositionen gekommen.\nWelche F\u00e4higkeiten und Talente \nm\u00fcssen Auszubildende mitbringen?\nKERSTIN BEYES:  Die Offenheit, sich auf \nneue Menschen und Situationen einzu -\nlassen, und die Freude an selbst\u00e4ndigem Arbeiten sind meiner Ansicht nach die \nbeste Voraussetzung\nSTEFAN RISCHER:  Die Freude am Um\n-\ngang mit Menschen und die Lust zu kom -\nmunizieren bleiben eine der wichtigsten \nVoraussetzungen. Kommt dazu noch \neine Prise Humor und F\u00e4higkeit, im Alltag \nflexibel zu agieren, haben wir die perfek -\nten Kandidatinnen und Kandidaten.Foto: Dietmar Starke34 35\nDaheim e.V. sucht Mitarbeiter\nIm tollen Team geht alles leichter\nTagt\u00e4glich bekommt der Ambulante Pfle -\ngedienst eine besondere Auswirkung der \nPandemie zu sp\u00fcren: Wie wichtig ein gut \norganisiertes und professionelles Pflege -\nteam ist, um auch in Ausnahmesituationen \n\u201ealles im Griff\u201c zu haben. Hier zahlt sich die \nbekannte Professionalit\u00e4t der Pflegekr\u00e4f -\nte jeden Tag aufs Neue aus. Um das hohe \nNiveau zu halten, sucht Daheim gerade jetzt Pflegefachkr\u00e4fte, die das bestehende Team erg\u00e4nzen sollen. In der Gruppe wird aber \nauch das menschliche Miteinander gepflegt \n\u2013 mit den Kolleginnen und Kollegen genau\n-\nso, wie mit den zu betreuenden Klienten.\nIm Ambulanten Dienst erwartet Fachkr\u00e4fte \neine ehrliche Wertsch\u00e4tzung, ein attraktives \nGehalt (zwischen 2.970 Euro bis 3.740 Euro Ambulante Pflege \u2013 \nBeruf und Berufung gehen oft Hand in Hand.Chancen & Karriere\nBei uns arbeiten Menschen,  \ndie sich in  einer T\u00e4tigkeit mit \nVerantwortung und Engage-ment wohlf\u00fchlen, denn wir  bieten den  Menschen, die wir \npflegen, ein Umfeld von Sicher-\nheit und  Geborgenheit. Dabei \nwollen wir bei Daheim e. V. die \n aktuellen  Herausforderungen \ngemeinsam  stemmen und den \n pers\u00f6nlichen Einsatz besonders \n honorieren.  \nDaheim e. V. \nTelefon (05241) 70 94 00 \nbewerbung@verein-daheim.de\n Daheim \ngibt es viel zu tunDen Menschen pflegen \u2013  \nVerantwortung aktiv lebenbei Vollzeit) zuz\u00fcglich Zulagen, eine Jahres -\nsonderzahlung und verm\u00f6genswirksame \nLeistungen. 38,5 Stunden bei einer 5-Ta -\nge-Woche und 30 Urlaubstagen sind garan -\ntiert, ebenso wie die arbeitgeberfinanzierte Altersvorsorge, Bike-Leasing, ein Zuschuss \nzur Gesundheitsvorsorge sowie Fort- und \nWeiterbildungen. Daheim setzt darauf, eine \ngute Work-Life-Balance zu schaffen, Urlau\n-\nbe und Dienste verl\u00e4sslich abzustimmen und \npers\u00f6nliche W\u00fcnsche zu ber\u00fccksichtigen.\nAuf der Homepage www.verein-daheim.de  \nfinden sich alle wichtigen Informationen und aktuelle Stellenausschreibungen.Anzeige\n Chancen & Karriere\nJETZT BEWERBENWir suchen Dich!\nWir suchen Dich!\n WERDE\nSERVICEFAHRER \nM/W/D\nTel. 05242 / 43170 \nservice@twc-grebe.dewww.twc-grebe.deDu bist mindestens 18 Jahre alt?\nDu hast den F\u00fchrerschein Klasse B?Du m\u00f6chtest mit Menschen arbeiten und f\u00e4hrst gerne Auto?\nDann bist Du bei uns richtig!Zeugnisnoten sind uns nicht so wichtig - hauptsache du bist ehrlich und hilfsbereit,freundlich und packst auch gerne mit an.Werden Sie \nServicefahrer!\nEgal, ob Sie als Quereinsteiger direkt im Job starten oder \neine zweij\u00e4hrige Ausbildung zum Servicefahrer absol -\nvieren wollen \u2013 im Team des TWC Grebe sind Sie genau richtig.\nWas macht ein Servicefahrer?\nVor Beginn ihrer Auslieferungstour stellen Servicefahrer \n(m/w/d) ihre Touren zusammen. Sie nehmen auszulie\n-\nfernde Waren und Lieferscheine entgegen, pr\u00fcfen auf Vollst\u00e4ndigkeit und beladen ihr Fahrzeug. Danach fahren \nsie die Auslieferungsziele in geplanter Reihenfolge an und \nliefern die Teppiche und Polsterm\u00f6bel aus. Dabei beraten \nsie die Kunden gerne und nehmen deren Auftr\u00e4ge und \nW\u00fcnsche entgegen. \nServicefahrer kennen sich aus\nServicefahrer erlernen s\u00e4mtliche Abl\u00e4ufe im Betrieb, um \nkompetent Auskunft geben zu k\u00f6nnen. Bei der Ausliefe\n-\nrung lassen sie sich Lieferscheine quittieren oder nehmen Zahlungen entgegen. Servicefahrer arbeiten gerne mit \nMenschen, fahren gerne Auto, sind ehrlich, hilfsbereit, freundlich und packen gerne mit an. Zugangsvoraus\n-\nsetzung ist mindestens ein Hauptschulabschluss und ein \nF\u00fchrerschein Klasse B.AnzeigeAusbildung bei Bertelsmann-Unternehmen \nBertelsmann h\u00e4lt auch in Pandemie-Zeiten an der \nqualifizierten Ausbildung junger Menschen fest. So \nhaben im August insgesamt 153 Frauen und M\u00e4nner \nihre Berufsausbildung oder ihr duales Studium in einem Bertelsmann-Unternehmen im Kreis G\u00fctersloh \nangetreten. Allein im Corporate Center starteten am \n16. August 100 neue Auszubildende und Studierende \nihren Weg ins Berufsleben. \n\u201eBertelsmann befindet sich auf Wachstumskurs \nund baut seine Gesch\u00e4fte weiter aus \u2013 und daf\u00fcr \nben\u00f6tigt das Unternehmen weiterhin zahlreiche qualifizierte Nachwuchskr\u00e4fte. Entsprechend vielver -sprechend sind die Perspektiven f\u00fcr eine berufliche \nLaufbahn nach der Ausbildung beziehungsweise \ndem dualen Studium in unserem Konzern\u201c, sagt Klaus R\u00f6ttger, Leiter Zentrale Ausbildung bei Ber -\ntelsmann. \u201eIch freue mich sehr, dass es uns wieder gelungen ist, viele junge Menschen f\u00fcr unser Unter -\nnehmen zu begeistern.\u201c Trotz des starken aktuellen Jahrgangs bemerkt Bertelsmann wie viele andere Unternehmen auch f\u00fcr die Zukunft eine etwas \nschw\u00e4chere Nachfrage nach einer Ausbildung. Dem \nwill die Zentrale Ausbildung fr\u00fchzeitig und entschlos -\nsen entgegensteuern. So weist Klaus R\u00f6ttger darauf \nhin, dass Interessenten sich jetzt noch f\u00fcr eine Aus -bildung oder ein duales Studium bei Bertelsmann im \nkommenden Jahr bewerben k\u00f6nnen. Dabei sind die \nQualifizierungsm\u00f6glichkeiten im Konzern vielf\u00e4ltig: Im \nEinzelnen bietet Bertelsmann in der Konzernzentrale die Ausbildung zu Industriekaufleuten und Fachin-\nformatiker:innen sowie die dualen Studieng\u00e4nge \n\u201eBachelor of Arts \u2013 International Management\u201c und \n\u201eBachelor of Science \u2013 Wirtschaftsinformatik\u201c an. \nDar\u00fcber hinaus bilden verschiedene Konzernfirmen im Kreis G\u00fctersloh in diesem Jahr in 15 weiteren Be-\nrufsfeldern aus, hinzu kommen zwei duale Studien-\ng\u00e4nge. In allen diesen Ausbildungsg\u00e4ngen gibt es f\u00fcr den Sommer 2022 noch freie Pl\u00e4tze.Foto: Daheim e.V.\nFoto: Bertelsmann\nDie Einf\u00fchrung des aktuellen Azubi- beziehungsweise Studierenden-Jahrgangs in die Berufswelt bei Bertelsmann verlief im Corporate Center \ngem\u00e4\u00df den Corona-Schutzvorschriften. Das Bild zeigt den aktuellen 2021-Jahrgang der Bachelor of Science-Studierenden 36 37Zur Weiterentwicklung unseres  \namb. Pflegedienstes am Standort G\u00fctersloh  \nsuchen wir ab sofort \n \nPflegefach- und  \n-assistenzkr\u00e4fte (m/w/d)  \n \n \nSie haben Herz und Humor,  \n\u00fcbernehmen gerne Verantwortung,   \nsind offen f\u00fcr \neine neue berufliche Perspektive? \n \nDann bewerben Sie sich und werden \nTeil unseres Teams. \nWir freuen uns auf Sie!  \n                         \nKolping Akademie f\u00fcr \nGesundheits- und Sozialwesen gGmbH \n \n- Gesch\u00e4ftsstellenleitung und Prokurist - \nz.Hd. Herrn Christoph Wagner \nTelefon: 0151 57976281 \nE-mail: wagner@kagus.de \n  \nN\u00e4here Informationen finden Sie auf unserer \nInternetseite: www.kagus.de/karriere/ \n540_Kolping_Stellenangebot_90x132.qxp_Layout 1  20.09.21  14:28  Seite 1\nIKK CLASSIC 17.09.2021 30.09-27.10.21 Berufseinsteiger GT Info 90 132 ISOcoated V2KUNDE DU ET MOTIV MEDIUM BREITE H\u00d6HE PROFIL\nBewerbung, Bonus, Beratung \u2013 \nwir supporten dich.\nMit Top-Angeboten f\u00fcr dich und deine Gesundheit. \nMehr Infos auf \nikk-classic.de/berufseinsteiger  /B.ss03/I.ss02/S.ss03/T.ss02 /D.ss02/U.ss01\n/L.ss03 /S.ss01T /question.ss01\nAUSBILDUNGSSTART BEI DER SPARKASSE\nVor einigen Tagen begr\u00fc\u00dfte der Vorstandsvorsitzende \nKay Klingsieck gemeinsam mit seinen Vorstandskollegen \nTorsten Neubauer und Frank Ehlebracht die zehn neuen \nAuszubildenden im Team der Sparkasse. Sie w\u00fcnschten \nihnen einen guten Start f\u00fcr den Einstieg in das Berufs -\nleben. \u201eLiebe Kolleginnen, liebe Kollegen, Sie starten nun \ndurch in einen neuen Lebensabschnitt. Wir w\u00fcnschen \nIhnen dabei viel Erfolg und Spa\u00df\u201c, so Kay Klingsieck \nbei seiner Begr\u00fc\u00dfung. Dabei wies er unter anderem \ndaraufhin, dass eine gute Ausbildung die Basis und eine \noptimale Voraussetzung ist, um den beruflichen Werde -\ngang erfolgreich zu gestalten, und nutzte die Gelegen -\nheit auch noch einmal auf die umfangreichem Aus- und Fortbildungsm\u00f6glichkeiten hinzuweisen. \u201eMit diesem An\n-\ngebot denken wir nat\u00fcrlich auch an die Zukunft unserer Sparkasse, denn bei uns ausgebildete Kolleginnen und \nKollegen haben in der Vergangenheit immer die Chan\n-\ncen genutzt und eine erfolgreiche berufliche Karriere \ngestartet.\u201c Bestes Beispiel ist Kay Klingsieck selbst, denn \nauch er absolvierte hier vor 22 Jahren seine Ausbildung.\nBeim mehrt\u00e4gigen Einf\u00fchrungsseminars begleitete sie \ndie Ausbildungsleiterin Nadine Heublein. \u201eWir geben \nden Auszubildenden Zeit und Raum die Sparkasse und \nihre Ausbilderinnen und Ausbilder kennenzulernen und \ndaneben zu einem Team zusammenzuwachsen. Die \nEinf\u00fchrung in das Arbeiten mit dem zum Start geschenk -\nten iPad war dabei sicherlich ein besonderes Highlight,\u201d Das Foto zeigt von links: Kay Klingsieck, Frank Ehlebracht, Verena Richter, Vanessa \nKapischke, Jakob Konjetzko, Vanessa Lehmann, Christian Machlejt, Katharina Alb -\nrecht, Shayenne Jarzembek, Ilias Giakovis, Max Motyka, Roman Wibbe, Alina Link, Torsten Neubauer und Nadine Heublein.Chancen & Karriere\nFoto: Sparkasse\nerkl\u00e4rt Nadine Heublein. Die Auszubildenden bekamen zudem einen ersten Ein -\ndruck vom breitgef\u00e4cherten Themenspektrum, das zur Ausbildung in der Spar -\nkasse geh\u00f6rt. Dienstpflichten und Grunds\u00e4tze bei der Kundenbedienung wurden \ndabei ebenso angesprochen, wie Fragen der Sicherheit und arbeitsrechtliche \nAspekte. W\u00e4hrend ihrer 2,5-j\u00e4hrigen Ausbildungszeit erwartet sie neben diversen \nVerkaufs-, Verhaltens- und Pers\u00f6nlichkeitstrainings auch fachlicher Unterricht zur \nVorbereitung auf die Berufsschule und die Praxis.\nJule Rombey \nTischlerin Jedes J ahr entscheiden s ich \u00fcber 700 junge \nMenschen im K reis G\u00fctersloh f\u00fcr eine \nzukunftssicher e Ausbildung im Handwer k. \nWerde Teil der Handwer ksfamilie - mach\u2018 \nDeine A usbildung im Fachbetrieb der \nInnung! www.st arte-ausbildung.deAnzeige38\nNachhaltig leben\ngt!nfo\nNachhaltigkeit\nLastenteilungs- \nverordnungEmissions- \nhandel f\u00fcr\nStra\u00dfenverkehr\nund Geb\u00e4ude\nVerordnung \u00fcber\nLandnutzung,\nForstwirtschaft und\nLandwirtschaft\nEU-Waldstrategie\nCO2-Emissions- \nnormen\nf\u00fcr Pkw\nund leichte\nNutzfahrzeugeWar da nicht was? Vor knapp zwei Jahren, im Dezember 2019 , stellte  \nEU-Kommissionspr\u00e4sidentin Ursula von der Leyen den Green Deal vor.  \nEs ist ein Ma\u00dfnahmenkatalog f\u00fcr die Mitgliedstaaten der EU, um gemeinsam \nbis 2050 klimaneutral zu werden. Allein bis zum Jahr 2030 soll, verglichen mit \n1990, eine 55-prozentige Reduzierung der Treibhausgase erreicht werden. \nDoch man fragt sich, wie das erreicht werden soll? Noch steht Deutschland \nmit fest angezogener Handbremse da \u2013 und niemand l\u00e4sst sie los. GEBEN WIR GAS!\nAuf dem Weg zu mehr \nDigitalisierung und Klimaschutz\nText: Birgit Compin\nFoto: iStock\ngtinfo_540.indd   38 28.09.21   17:3639\ngt!nfo meint, es wird Zeit. Politik, Unterneh-\nmen und die Gesellschaft in der Region sind \ndringend gefragt. Wir alle k\u00f6nnen dazu bei -\ntragen, jetzt die Weichen zu stellen und statt zu bremsen endlich Vollgas zu geben. \nMit dieser neuen Serie wollen wir die \nFortschritte von Green Deal und Digi -\ntalisierung in G\u00fctersloh und der Region beleuchten. Wer macht was, wer hat vor, etwas zu tun? Auch wollen wir \u00fcber den eigenen Tellerrand schauen und blicken in andere St\u00e4dte und Regionen, wo beispiel -\nhafte Projekte darauf warten, adaptiert zu werden.\nWas ist denn der Green Deal?\nGenau genommen ist es ein Ma\u00dfnahmen -\npaket, um Wirtschaft und Gesellschaft \nnachhaltig umzugestalten. So sollen in allen \nBereichen keine Netto-Treibhausgasemis -\nsionen mehr freigesetzt und der Ressourcen-\nverbrauch mit dem Wirtschaftswachstum \ndauerhaft gekoppelt werden. Konkret geht \nes um eine ordentliche Reduzierung von Pestiziden, Antibiotika und D\u00fcngemittel in der Landwirtschaft und den Ausbau von \u00d6kobetrieben. Es geht um eine klimafreund -\nliche Industrie. Es geht um eine gro\u00dfange-\nlegte Begr\u00fcnung von D\u00e4chern oder auch \nFassaden und die Zunahme der Photovol-  \ntaikanlagen. Es geht um den massiven  Ausbau der Windkraft, des gesamten  \nSchienennetzes und auch Neuwagen  \nmit Null-Emissionen. Und es geht um wirt -\nschaftliche Innovationen mit Blick auf die  \nEntwicklung neuer, umweltfreundlicher  \nTechnologien \u2013 um nur einiges zu nennen. \nOhne Digitalisierung geht nichts\nGleichzeitig leben wir in einer Art Diaspora im Hinblick auf fl\u00e4chendeckend funktio -\nnierende Digitalisierung. Ohne die digitale Vernetzung all der verschiedenen Bereiche untereinander sind die Klimaziele jedoch kaum zu bewerkstelligen. Laut Index f\u00fcr digitale Wirtschaft und Gesellschaft stand \nDeutschland im Jahr 2020 an zw\u00f6lfter Stelle \nunter den EU-Mitgliedsstaaten. Die gegen -\nw\u00e4rtige Klimakrise zeigt es also an allen Ecken und Enden: Das Thema brennt in Deutschland \u2013 in den Gro\u00dfst\u00e4dten genauso wie in den l\u00e4ndlichen Gebieten.\nAmbitionierte Ziele bis 2030\nDie EU plant auch die Treibhaus-Emissio -\nnen im Vergleich zu 1990 bis 2030 um 50 bis 55 Prozent zu versch\u00e4rfen. Am 14. Juli 2021 \nhat die Kommission Vorschl\u00e4ge pr\u00e4sentiert, \num diese Ziele zu verwirklichen und den europ\u00e4ischen Gr\u00fcnen Deal Realit\u00e4t werden zu lassen. \nWas geht in Stadt, Land, Fluss?\nWas tut sich im Hinblick auf den Green Deal und dem vor Jahren ins Leben gerufenen \n\u201eDigitalen Aufbruch\u201c in G\u00fctersloh? Chef -\nredakteur Markus Corsmeyer hat B\u00fcrger -\nmeister Norbert Morkes in unserem neuen \nPodcast 4830 zum EU-Projekt befragt. \n\u201eDie Stadt sei auf einem guten Weg\u201c, \nsagte er. Auf den D\u00e4chern von Neubauten soll die Installierung \nvon Photovoltaikanlagen k\u00fcnftig \nverpflichtend sein, das wurde auch \ngerade im Ausschuss f\u00fcr Umwelt und \nKlimaschutz beschlossen. Doch gilt das \nnur f\u00fcr neu aufzustellende Bebau -\nungspl\u00e4ne, Aktuelles \nist also davon nicht \nbetroffen. Und \nsonst so? Nun \nja, genau d as \nwerden wir in \nden kommenden \nAusgaben hier ein -\ngehend beleuchten.\nIch w\u00fcnsch mir was\nIch selbst w\u00fcnsche mir eine fortschritt -\nliche E-Mobil-Ladestruktur in der \nStadt. Ja, ich wei\u00df, dass E-Mobilit\u00e4t \nnicht der Weisheit letzter Schluss \nist. Doch bis es bessere M\u00f6glich -\nkeiten gibt, ist sie ein wichtiger \nBaustein. Fast jedes dritte Neufahrzeug in Deutschland ist mittlerweile ein E-Auto oder Hybridfahrzeug \u2013 und es werden immer mehr, auch weil die staatliche F\u00f6rderung bis 2025 ausgeweitet wurde. Doch all die \nFahrzeuge aufzuladen, kann Stunden \ndauern \u2013 Stationen an Tankstellen sind also nicht der geeignete Deal. Wer nicht auf eine Ladem\u00f6glichkeit auf dem eigenen Grund -\nst\u00fcck zur\u00fcckgreifen kann, und das werden vermutlich die meisten von uns sein, ist auf die Ladeinfrastruktur im \u00f6ffentlichen Raum angewiesen. Ganze zehn \u00f6ffentliche Lade -\nstationen weist die Onlineseite der G\u00fcterslo-\nher Stadtwerke derzeit aus. Ehrlich jetzt? Ich \nfrage mich, wie das in den anderen St\u00e4dten aussieht. Meine Recherchen f\u00fchren mit nach \nDortmund.\nStra\u00dfenlaterne goes Ladestation\nWie w\u00e4re es, unsere Stra\u00dfenlaternen zu -\ns\u00e4tzlich zu Ladestationen f\u00fcr E-Fahrzeuge \nzu nutzen? Utopie? Keineswegs! Am Beispiel \nvon Dortmund zeigt sich, wie es geht. Die Stadt nahm jetzt die ersten umgebauten Ladestationen in Betrieb. Bis September 2022 werden etwa 320 Ladepunkte an Beleuchtungsmasten installiert; insgesamt \nplant man 680 im \u00f6ffentlichen und privaten \nRaum. Drei St\u00e4dte haben sich f\u00fcr dieses Projekt zusammengetan, regionale Ver -\nsorger kamen mit ins Boot und gleich zwei Unis helfen, die Auswirkungen auf das lokale Stromnetz und NOx-Emissionen zu \u00fcberpr\u00fc -\nfen. Am Ende steht hier also ein gelungener Beitrag zum Green Deal, f\u00fcr die B\u00fcrger der Stadt und zum Projekt \u201eSmart City\u201c, f\u00fcr das \u00fcbrigens auch G\u00fctersloh schon im Jahr 2020 einen F\u00f6rderzuschlag f\u00fcr ein Projektvolumen von 13 Millionen Euro in sechs Jahren erhielt.\nW\u00dcNSCH DIR WAS!\nNehmen wir also unsere Stadt in die Pflicht. Doch nicht nur. Die Frage lautet auch, was k\u00f6nnen wir gemeinsam leisten, um die Green Deal-Ziele zu erreichen? Und wir geben sie gerne auch an unsere Leserinnen und Leser weiter: Welche Vorschl\u00e4ge haben Sie an die Stadt und Gesellschaft, die Klimaziele der EU bis 2030 zu erreichen?\nSchreiben Sie uns \u2013 und vielleicht ist es  \nbald schon Ihre Idee, die in unserer Stadt \nWirklichkeit wird. E-Mail an: info@gt-info.de\nLastenteilungs- \nverordnungKLIMAZIELE\n2030Klima-Sozialfonds\nEmissions- \nhandel f\u00fcr\nStra\u00dfenverkehr\nund Geb\u00e4ude\nVerordnung \u00fcber\nLandnutzung,\nForstwirtschaft und\nLandwirtschaftEU-Emissions- \nhandelssystem f\u00fcr\nStrom, Industrie,\nSchiff&Luftfahrt\nEU-Waldstrategie\nCO2-Emissions- \nnormen\nf\u00fcr Pkw\nund leichte\nNutzfahrzeuge\nInitiative\n\u201eReFuelEU\nAviation\u201cRichtlinie\n\u00fcber die\nInfrastruktur\nf\u00fcr alternative\nKraftstoffe\nInitiative\n\u201eFuelEU\nMaritime\u201cErneuerbare-\nEnergien-\nRichtlinieEnergieeffizienz-\nRichtlinieRichtlinie zur\nBesteuerung von\nEnergieCO2-\nGrenzausgleichs- \nsystem\nInfos Dortmun-\nder Ladesta-tionen:Mehr Infos zum Green Deal: Europe Direct Kreis G\u00fctersloh\ngtinfo_540.indd   39 28.09.21   16:4841\nIhr\nAnspruchist unsere Aufgabe\nIn Rheda-Wiedenbr\u00fcck und dar\u00fcberhinaus\nbieten wir Qualit\u00e4t und sind Spezialisten in Sachen\nSauberkeit.\nAls junges Familienunternehmen mit jahrelanger Erfahrung stehen\nwir mit unserem Namen Ligopoulos f\u00fcr Sauberkeit, Zuverl\u00e4ssigkeit\nund verantwortungsbewusstes und umweltfreundliches Reinigen.\nNach fachlicher und individueller Beratung erhalten Sie ein kosten-\nloses unverbindliches Angebot f\u00fcr Ihren privaten Haushalt ebenso wie\nf\u00fcr Ihr Unternehmen.20%\nNeukundenrabatt\nauf die gesamte\nRechnung\nlB\u00fcro/-Unterhaltsreinigung\nlGlas- und Fassadenreinigung\nlWintergarten-/Glasdachreinigung\nlGrund-und Bauendreinigung\nlTreppenhausreinigen\nlSolarreinigung\nlJalousienreinigung\nGeb\u00e4udereinigung L\u00f6we | Antonios Ligopoulos\nL\u00fcmernweg 65 | 33378 Rheda-Wiedenbr\u00fcck | 0159-01882399 | service@l\u00f6we.group\n4.500 Euro \u2013 oder \u00f6kologisch gesprochen: Mit einer Patenschaft \nvon zehn jungen B\u00e4umen und die dazugeh\u00f6rige P\ufb02  ege haben die Kunden der Volksbank Bielefeld-G\u00fctersloh zur Au\ufb00  orstung des G\u00fc-tersloher B\u00fcrgerwaldes beigetragen. Hintergrund war eine Kunden-\nbefragung, bei der die Teilnehmer zwischen einem 10 Euro-Gutschein \noder einer 10 Euro Baumspende f\u00fcr den heimischen Wald w\u00e4hlen konnten. Mehr als die H\u00e4lfte der Teilnehmer sagte ja zur Au\ufb00  orstung des Waldes. Jetzt konnten Brigitte B\u00fcscher und J\u00f6rg Ho\ufb00  end von der B\u00fcrgerstiftung G\u00fctersloh eine Spende \u00fcber 4.500 Euro von Volks-bank-Vorstandsvorsitzenden Michael Deitert entgegennehmen. \nDass der Volksbank Bielefeld-G\u00fctersloh Nachhaltigkeit und Umwelt-\nschutz am Herzen liegen, zeigt nicht nur das langj\u00e4hrige Engage-\nment im gr\u00fcnen Gesch\u00e4ftsfeld. Bereits im vergangenen Jahr hatte die Volksbank anl\u00e4sslich des 10. Geburtstages ihres nachhaltigen Mischfonds \u201eVolksbank Bielefeld-G\u00fctersloh NachhaltigkeitsInvest\u201c insgesamt 8.720 Euro f\u00fcr heimischen Wald in ihrem Gesch\u00e4ftsgebiet gespendet. \n\u201eWir sind \u00fcberw\u00e4ltigt von dem starken Umweltbewusstsein unserer \nKunden\u201c, freut sich Michael Deitert. \u201eMehr als 800 Befragte haben \nsich f\u00fcr die Waldspende entschieden. Wir haben gerne die Spende auf 9 .000 Euro aufgestockt. So ist die eine H\u00e4lfte mit 4.500 Euro f\u00fcr den G\u00fctersloher B\u00fcrgerwald bestimmt; die andere H\u00e4lfte geht nach Bielefeld f\u00fcr den Erhalt des dortigen Stadtwaldes.\u201c \n\u201eDer G\u00fctersloher B\u00fcrgerwald soll ein Wald f\u00fcrs Leben sein. B\u00fcrgerin-\nnen und B\u00fcrger k\u00f6nnen gemeinsam mit der B\u00fcrgerstiftung unseren heimischen Wald au\ufb00  orsten\u201c, so B\u00fcrgerstiftungs-Sprecherin Brigitte B\u00fcscher. \u201eUnd f\u00fcr die n\u00e4chste P\ufb02  anzphase suchen wir noch weitere Baumpatinnen und Baumpaten.\u201c Wer Baumpate werden m\u00f6chte, melde sich gerne bei der B\u00fcrgerstif-tung und kann aus drei Baumkategorien (150, 250 und 350 Euro) eine P\ufb02  anze entsprechender Gr\u00f6\u00dfe ausw\u00e4hlen. Meldeschluss f\u00fcr Baum-patenschaften des P\ufb02  anzjahres 2021 ist der 1. Oktober. Au\ufb00  orstung des\nheimischen Waldes\n(v.li.) Freuen sich, dass die Kunden der Volksbank Bielefeld-G\u00fctersloh \nzur Au\ufb00  orstung des G\u00fctersloher B\u00fcrgerwaldes beigetragen haben: Michael Deitert (Vorstandsvorsitzender Volksbank Bielefeld-G\u00fctersloh), Brigitte B\u00fcscher (Vorstandssprecherin B\u00fcrgerstiftung) und J\u00f6rg Ho\ufb00  end (Vorstand B\u00fcrgerstiftung)Foto: Volksbank Bielefeld-G\u00fctersloh\nwww.buergerstiftung-guetersloh.de/buergerwald oder\nwww.volksbank-bi-gt.de/nachhaltigkeit\ngtinfo_540.indd   41 28.09.21   16:26Nachhaltig leben\nIm Rahmen der Beratungskampagne \n\u00d6koprofit sind jetzt vier Unternehmen aus G\u00fctersloh f\u00fcr Projekte im Umwelt- und Nachhaltigkeitsmanagement ausgezeichnet \nworden. Im Theater G\u00fctersloh wurden bei \nder Abschlussveranstaltung der diesj\u00e4hrigen Kampagne die Kultur R\u00e4ume G\u00fctersloh, die Modus Consult AG sowie die Wolters GmbH erstmals zertifiziert. Zum zweiten Mal ausge -\nzeichnet wurde die Maas Natur GmbH.\nDie Beratungskampagne \u00d6koprofit ist ein \nProjekt der Regiopolregion Bielefeld. Es \nbietet Unternehmen die Teilnahme an einem \nUmweltmanagement-Programm an. Ein Jahr lang \u2013 diesmal pandemiebedingt sogar mehr als 15 Monate \u2013 werden sie fachlich beraten und zu allen umweltrelevanten Themen geschult. In G\u00fctersloh wird die Be -\nratung durch die Stadt G\u00fctersloh unterst\u00fctzt, konkret durch den Klimaschutzbeauftragten Helmut Hentschel, der auch an den Pr\u00fcfun -\ngen in den Betrieben teilnimmt. Hentschel sowie die Umweltdezernentin und Erste Beigeordnete der Stadt G\u00fctersloh Christine Lang geh\u00f6rten bei der Zertifikats\u00fcbergabe im Theater zu den Gratulanten. Insgesamt wurden 14 Betriebe aus G\u00fctersloh, Bielefeld, Halle und Steinhagen von Michael Herr -\nmanns, Abteilungsleiter im NRW-Umwelt -\nministerium, sowie Vertretern der Kommunen als \u201e\u00d6koprofit-Betrieb 2020-21\u201c ausge -\nzeichnet, und es wurden die Ergebnisse der Kampagne in den jeweiligen Unternehmen vorgestellt.\nDie Maas Natur GmbH (190 Mitarbeitende) \nwurde erstmals 2018 ausgezeichnet. Dem G\u00fctersloher Familienunternehmen f\u00fcr \u00f6ko -\nlogisch und fair hergestellte Mode mit Sitz an der Werner-von-Siemens-Stra\u00dfe ist es gelungen, j\u00e4hrlich 100.000 Kilowattstunden Energie und 36 Tonnen CO2  einzusparen. \nDas G\u00fctersloher Softwarevertriebsunterneh -\nmen Modus Consult (rund 300 Mitarbeiten-\nde) nahm erstmals am \u00d6koprofit-Programm \nteil. Das Ergebnis: minus 12.215 Kilowattstun -\nden Energieverbrauch, minus 440 Tonnen CO2 und minus 16 Kubikmeter Wasserver -\nbrauch am Unternehmensstammsitz an der James-Watt-Stra\u00dfe. Unter anderem wurde das erreicht durch die Umstellung von Kun -denbesuchen auf Online-Konferenzen  \nund den Verzicht auf rund 1,5 Millionen  \nAutokilometer j\u00e4hrlich, durch die Um-  \nstellung auf \u00d6kostrom, Recyclingpapier  \nund die Modernisierung eines Servers.  \nBeim Verbindungselemente-Spezialisten  \nWolters GmbH (85 Mitarbeitende) mit Sitz an der Ottilienstra\u00dfe werden neuerdings 14.400 Kilowattstunden Energie, 5 Tonnen CO2  und \n16 Kubikmeter Wasser eingespart. Unter an -\nderem wurde das B\u00fcrogeb\u00e4ude energetisch saniert, auf LED-Technik umger\u00fcstet und Umw\u00e4lzpumpen auf neue Technik umge -\nstellt. Die Kultur R\u00e4ume G\u00fctersloh (28 Mitar -\nbeitende) mit Stadthalle und Theater sparen 35 Tonnen CO2  pro Jahr ein. Das resultiert \naus dem Einbau eines Blockheizkraftwerks in diesem Jahr, das als weiteren Effekt eine deutlich gesteigerte Energieeffizienz in der Strom- und W\u00e4rmeversorgung hat. F\u00fcr 2022 ist die Umstellung auf \u00d6kostrom geplant.\n\u00d6KOPROFIT-BETRIEBE 2021 \nFreude \u00fcber die Verleihung der \u201e\u00d6koprofit\u201c-Auszeichnungen: (von links) Reinhard Maas (Maas Natur), Ralph Fritzsche (Kultur R\u00e4ume G\u00fctersloh), \nSarah Jane de Rijk (Modus Consult AG), Gabi Reckersdrees (Wolters GmbH), Helmut Hentschel (Klimaschutzbeauftragter Stadt G\u00fctersloh), Chris -\ntine Lang (Umweltdezernentin Stadt G\u00fctersloh), Michael Herrmanns (NRW-Umweltministerium), Ulrich Tepper (IHK Ostwestfalen zu Bielefeld) und Elmar Stevens (BAUM Consult) im Theater G\u00fctersloh, wo die Zertifikatsverleihung stattfand.Foto: Stadt G\u00fctersloh\nUnternehmen, die sich f\u00fcr die kommende \u00d6koprofit-Kampagne interessieren, k\u00f6nnen sich an Helmut Hentschel, den  \nKlimaschutzbeauftragten der Stadt G\u00fctersloh, wenden: E-Mail: helmut.hentschel@guetersloh.de, Telefon 05241/822129 .  \nN\u00e4here Informationen gibt es auch unter: www.oekoprofit-nrw.de und www.umwelt.guetersloh.de.gt!nfo\nNachhaltigkeit\n40\ngtinfo_540.indd   40 28.09.21   16:2642\nSCHAU  \nTAGE\n9. und 1 0. Oktober 2021 \njeweils  11 bis 17 Uhr (So. ohne Beratung/ohne Verkauf)\nBitte beachten Sie die g\u00fcltigen Corona-Vorschriften  \nf\u00fcr den Besuch dieser Veranstaltung. \n3G: geimpft, genesen oder getestet540_P_Stuekerjuergen_TOT_72x297.qxp_Layout 1  27.09.21  1 3\n84 Prozent der Energie wird laut Heizspiegel im Haushalt f\u00fcr Heizung und Warmwas-\nser verbraucht. Wer also seinen Energieverbrauch und seine CO/two.sinf -Bilanz reduzieren \nwill, muss bei der Heizung ansetzen. Genau diesen Schritt erleichtert der Staat 2021 mit Rekordsummen bei der F\u00f6rderung moderner, nachhaltiger Heizsysteme.\nDer Austausch einer alten \u00d6lheizung gegen eine e\ufb03   ziente und klimafreundliche Hei-\nzungsanlage wird aktuell mit der Austauschpr\u00e4mie f\u00fcr \u00d6lheizungen gef\u00f6rdert. Diese \nkann unter bestimmten Voraussetzungen bis zu 55 Prozent betragen. Auch die Um-stellung jeder anderen Altanlage (maximal 30 Jahre alt) auf eine klimaschonendere Heizungsanlage wird mit einem Zuschuss von bis zu 35 Prozent belohnt. \u00dcber hohe F\u00f6rderma\u00dfnahmen bei Neuanlagen k\u00f6nnen sich aktuell auch \u201eH\u00e4uslebauer\u201c freuen. Eine neue, \u00f6kologische Heiztechnik verringert den CO/two.sinf -Aussto\u00df und spart Energie-\nkosten. Die Kombination mit einer Solar-Thermie-Anlage spart zus\u00e4tzlich Ressour-cen und Heizkosten. Pellets- oder W\u00e4rmepumpenanlagen bieten zudem Unabh\u00e4n-gigkeit von fossilen Brennsto\ufb00  en.\nDas private Badezimmer entwickelt sich stetig weiter zu einem Ort mit Wohlf\u00fchl-\ncharakter. Als Teil einer intimen Wohnsph\u00e4re tanken die Menschen in ihrem Bad neue Lebensenergie und scha\ufb00  en sich so einen Ort f\u00fcr mehr Lebensqualit\u00e4t. Dazu geh\u00f6ren eine geschickte Raumaufteilung, ra\ufb03   niert kombinierte Badobjekte sowie das Zusammenspiel von Farb- und Lichtkonzept. Eine gute Planung ber\u00fccksichtigt die individuellen Gewohnheiten und Anspr\u00fcche der Nutzer und so wird aus jedem Bad ein Unikat. Mit viel Erfahrung und Liebe zum Detail verwirklichen kompetente Mitarbeiter und Fachhandwerker der Firma p. st\u00fckerj\u00fcrgen gmbh Ihr Wunschbad. Ob komplett oder Teilrenovierung: Entspannung pur gibt es schon ab der Planungsphase beim \u201eBad aus einer Hand\u201c. Hier organisieren die Fachleute alle beteiligten Gewerke.Das Team der p. st\u00fckerj\u00fcrgen gmbh l\u00e4dt herzlich\nein zu den Schautagen im Studio f\u00fcr Bad & Heizung am Basterweg 10. Hier erf\u00e4hrt der interessierteBesucher alles \u00fcber aktuelle Trends im Bad und\u00f6kologisch \u2013 konsequente Heizsysteme. F\u00f6rderung f\u00fcr\nHEIZUNGSANLAGEN\nso hoch wie nie!Nachhaltig leben Anzeige\nFoto: St\u00fckerj\u00fcrgen\nDas Studio f\u00fcr Bad & Heizung in Varensell.\nThema Heizung oder Bad? Was bei einer Modernisierung oder Neuanlage\nzu beachten ist, erfahren Interessenten im Studio f\u00fcr Bad & Heizung am Basterweg 10 in Varensell. Das Team der p. st\u00fckerj\u00fcrgen gmbh l\u00e4dt herzlich ein zu den Schautagen am Samstag, 9 . Oktober, und Sonntag, 10. Oktober (ohne Beratung/ohne Verkauf) jeweils von 11 bis 17 Uhr.Es gelten die g\u00fcltigen Corona-Vorschriften (3 G: geimpft-genesen-getestet) f\u00fcr den Besuch dieser Veranstaltung.gt!nfo\nNachhaltigkeitSTART IN EIN NEUES HAUT-ZEITALTER\nDAS ORIGINAL\nBekannt aus dem TV \u2013 94 % Kundenzufriedenheit \u00b3\nErh\u00e4ltlich in der ApothekeDie Nr. 1  aus Deutschland1 \u2013 weltweit beliebt. Nur die \nELASTEN\u00ae Trinkampullen enthalten den\u00a0speziellen \n[HC]-Kollagen-Komplex\u00ae.\nVertrau dem Original f\u00fcr sch\u00f6ne Haut von innen, \nmit nachgewiesener Wirkung2:Sch\u00f6nheit von innen f\u00fcr jedes Alter! \nStrahlendes Aussehen\nGlattere Haut am ganzen K\u00f6rper\nMehr HautfeuchtigkeitDie\nNr. 11www.elasten.de\n2Wirksamkeit in Studien nachgewiesen:\nBolke et al., 2019, Nutrients; Streker et al., 2020, Akt Dermatol; Laing et al., 2020, J Med FoodEL_PAN_15211Datamed-IQ, Marktanalyse 06/2021\n3ELASTEN\u00ae-Trendanalyse 2019\nELASTEN\u00ae ist ein Produkt von QUIRIS\u00ae Healthcare aus G\u00fctersloh.\nQUI_EVAzg_Elasten_EL_PAN_1521_GT-Info_210x297-LH.indd   1 09.07.21   10:48gtinfo_540.indd   42 28.09.21   16:2643\nSTART IN EIN NEUES HAUT-ZEITALTER\nDAS ORIGINAL\nBekannt aus dem TV \u2013 94 % Kundenzufriedenheit \u00b3\nErh\u00e4ltlich in der ApothekeDie Nr. 1  aus Deutschland1 \u2013 weltweit beliebt. Nur die \nELASTEN\u00ae Trinkampullen enthalten den\u00a0speziellen \n[HC]-Kollagen-Komplex\u00ae.\nVertrau dem Original f\u00fcr sch\u00f6ne Haut von innen, \nmit nachgewiesener Wirkung2:Sch\u00f6nheit von innen f\u00fcr jedes Alter! \nStrahlendes Aussehen\nGlattere Haut am ganzen K\u00f6rper\nMehr Hautfeuchtigkeit\nDie\nNr. 11www.elasten.de\n2Wirksamkeit in Studien nachgewiesen:\nBolke et al., 2019, Nutrients; Streker et al., 2020, Akt Dermatol; Laing et al., 2020, J Med FoodEL_PAN_15211Datamed-IQ, Marktanalyse 06/2021\n3ELASTEN\u00ae-Trendanalyse 2019\nELASTEN\u00ae ist ein Produkt von QUIRIS\u00ae Healthcare aus G\u00fctersloh.\nQUI_EVAzg_Elasten_EL_PAN_1521_GT-Info_210x297-LH.indd   1 09.07.21   10:48gtinfo_540.indd   43 28.09.21   16:2744 45Anzeige Anzeige\n Mobil\nDas wirft nicht ab\nKomfort wird beim Gazelle schon von jeher gro\u00df geschrie -\nben. Wer viel Wert auf entspanntes Radfahren legt, kriegt \nmit dem Ultimate C5 echt viel geboten: bequemer Sattel, \nstarke Federgabel, kr\u00e4ftige Motorunterst\u00fctzung. Einziges \nHaar in der Suppe: Der Fahrkomfort dr\u00fcckt ordentlich auf \ndie Reifen. Mit 27 ,5 Kilo ist das Gazelle Ultimate C5 nicht gerade ein Fliegengewicht. Aber man kann schlie\u00dflich nicht \nalles haben und irgendwo fordert die Technik ihren Tribut.\nProbiers mal mit Gem\u00fctlichkeit!\nDas Gazelle Ultimate C5 richtet sich an all diejenigen, die \nkeinen Bock auf Unbequemlichkeiten haben. Der Sattel \nist gro\u00df und weich \u2013 eigentlich fehlt nur die Lehne, um ein \nSitzgef\u00fchl wie auf einem Sessel zu haben. Die aufrechte \nSitzposition und die 47 Millimeter breiten Reifen sowie die \ngefederte Gabel sorgen f\u00fcr Fahrkomfort. Unebenheiten wie Schlagl\u00f6cher und Kopfsteinpflaster werden locker weg-, \nmaximal als leichtes Rubbeln wahrgenommen.\nTreten muss man \u2013 immer noch\nUnd man kommt durchaus ins Schwitzen, dennoch ist im \nTurbomodus die Arbeit sehr \u00fcberschaubar; der Bosch\n-\nmotor regelt sehr schnell ein und bringt das E-Bike z\u00fcgig \nauf Tempo. Da der E-Biker sich in der Regel durch Schalt -\nfaulheit auszeichnet, hat Bosch die sehr leistungs- und \nGro\u00dfe E-Bike-Auswahl\nwww.radsport-schiffner.de\nKomfortabel, schick und schnell: Das Gazelle Ultimate C5 \nIn dieser Ausgabe haben wir uns mal f\u00fcr ein Fahrrad \u2013 nat\u00fcrlich \nein E-Bike \u2013 entschieden, das wir vorstellen m\u00f6chten. Vor mir steht \ndas Ultimate C5 aus dem Haus Gazelle, alltagstauglich und schick, \nund fl\u00fcstert mir zu \u201eSteig auf, ich werfe Dich auch bestimmt nicht ab. \nWir werden eine Menge Spa\u00df haben.\u201c Ich bin gespannt.Die leidensf\u00e4hige Shimano-Nexus-Nabenschaltung \nleidensf\u00e4hige F\u00fcnf-Gang-Shimano-Nexus-Nabenschal -\ntung verbaut, die sich durch Robustheit und dennoch \nLeichtg\u00e4ngigkeit auszeichnet. Diese Schaltung beweist uns \nihre Qualit\u00e4ten sowohl hier in der n\u00e4heren Umgebung von \nG\u00fctersloh als auch \u2013 und dann macht erst richtig Spa\u00df \u2013 \nzum Beispiel im Teutoburger Wald oder im Sauerland. Die \nZahl der Radbegeisterten ist dort durch das E-Bike um ein Vielfaches gestiegen.\nDas Infozentrum\nDen Autofahrern, die im Leben nicht auf ein Fahrrad stei\n-\ngen w\u00fcrden, kommt Gazelle mit dem kleinen mittig posi -\ntionierten Bordcomputer entgegen. Auch der ehemalige \nAutofahrer soll sein gewohnte Umfeld finden. Das M\u00e4useki -\nno pr\u00e4sentiert dem E-Bike-Novizen die aktuelle Uhrzeit, die seit dem letzten Reset erreichte Maximal- sowie erreichte \nDurchschnittsgeschwindigkeit ablesen. Auch die Fahrzeit seit dem letzten Reset sowie die voraussichtliche Reich\n-\nweite der vorhandenen Akkuladung \u2013 nat\u00fcrlich nur bei \ngleichbleibenden Bedingungen wie Unterst\u00fctzungslevel, \nStreckenprofil usw. \u2013 gibt das elektronische Helferlein auf Knopfdruck bereitwillig bekannt. Ebenfalls zeigt er die seit \ndem letzten Reset zur\u00fcckgelegte Entfernung und nat\u00fcrlich \ndas aktuelle Tempo.\nEin echter Lastesel\nF\u00fcr viele Radfahrer bietet das E-Bike v\u00f6llig neue Perspekti\n-\nven, was die pers\u00f6nliche Reichweite angeht. Damit meine ich nicht nur die Reichweite des Akkus, sondern die M\u00f6g -\nlichkeit, noch viel weitere Touren zu machen, als mit einem \nherk\u00f6mmlichen Fahrrad. Das Gep\u00e4ck muss dabei nicht auf \ndem R\u00fccken transportiert werden, denn der stabile Ge -\np\u00e4cktr\u00e4ger \u00fcbernimmt freudig diese Aufgabe. Gebremst \nwird mit Scheibenbremsen von Shimano, die auch das \nvollgepackte Bike z\u00fcgig zum Stehen bringen und sich bei \ndauerhaften Gef\u00e4lle gut dosieren lassen.\nEinfach herausnehmbarer Akku\nFalls Sie kurz mal f\u00fcr das bisschen Tretarbeit in die B\u00e4ckerei \nm\u00f6chten, kann das Ultimate C5 im Handumdrehen mit \ndem vormontierten Rahmenschloss gegen Gelegen -\nheitsdiebe gesch\u00fctzt werden. Ich empfehle dennoch ein \nKettenschloss, um das doch immerhin \u00fcber dreieinhalb -\ntausend Euro teure E-Bike wirklich zu sichern. Der leicht herausnehmbare Akku kann \u00fcber Nacht an der Steckdose \ngeladen werden.\nFazit\nEin sch\u00f6nes Bike. Wenngleich: Mit 27 ,5 Kilogramm ist das Fahrrad kein Leichtgewicht. Es zu tragen, ist alles andere \nals gem\u00fctlich. Aber wer tr\u00e4gt schon sein E-Bike \u2026? Wo wir \nschon mal beim Begriff \u201eTragen\u201c sind: Liebe E-Bike-No\n-\nvizen! Ihr k\u00f6nnt bequem sehr hohe Geschwindigkeiten erreichen. Setzt bitte einen angepassten Helm auf.\nDie leis -\ntungsf\u00e4hige \nAntriebsein -\nheit \u2013 das Herzst\u00fcck eines jeden E-Bikes \nwww.gt-info.de/mobil\nText: Wolfgang Sauer \u00b7 Fotos: Antoine JerjiScheibenbremsen von Shimano\nKontrolle \u00fcber alles: das abnehm\n-\nbare M\u00e4usekino \nCarl-Bertelsmann-Str. 5333332 G\u00fcterslohTelefon: 0 52 41 / 1 59 11www.radsport-schiffner.de46\nTHE NEW iX3\nJETZT BEI UNS.\n#bornelectric Abbildung zeigt Sonderaustattungen.\nDER NEUE BMW iX3. JETZT BEI UNS.\nAuf zu neuen Welten: Entdecken Sie die M\u00f6glichkeiten des neuen BMW iX3. Das vollelektrische Sports Activity\nVehicle beeindruckt mit bestem Langstreckenkomfort und purer Fr eude am Fahren. Sein gro\u00dfz\u00fcgiges Platz-\nangebot und die enorme Variabilit\u00e4t machen ihn zum perfekten Pa rtner f\u00fcr jedes Abenteuer. Vereinbaren Sie\njetzt Ihre pers\u00f6nliche Probefahrt.\nBMW iX3\nCarbonschwarz, Sensatec perforiert schwarz, 19 Zoll Aerodynamikr\u00e4der 842 Bicolor, Adaptives Fahrwerk, Adaptive LED-Scheinwerfe r, M\nAerodynamikpaket, Inspiring, Driving Assistant Professional, Pa rking Assistant.\nLeasingbeispiel der BMW Bank GmbH: BMW iX3\nAnschaffungspreis:\nLeasingsonderzahlung:Laufleistung p. a.:55.100,08 EUR\n5.950,00 EUR\n10.000  kmLaufzeit:4\n8 monatliche\nLeasingraten \u00e0:48  Monate\n \n499,00 EURGesamtpreis: 29.902,00 EUR\nEin unverbindliches Leasingbeispiel der BMW Bank GmbH, Lilienth alallee 26, 80939 M\u00fcnchen; alle Preise inkl. MwSt.; Stand 09 /2 021 . Ist der Leasingnehmer Verbraucher, besteht bei au\u00dfer-\nhalb von Gesch\u00e4ftsr\u00e4umen geschlossenen Vertr\u00e4gen und bei Fernab satzvertr\u00e4gen nach Vertragsschluss ein gesetzliches Widerrufsre cht. Nach den Leasingbedingungen besteht die Verpflich-\ntung, f\u00fcr das Fahrzeug eine Vollkaskoversicherung abzuschlie\u00dfen .\nWir vermitteln Leasingvertr\u00e4ge ausschlie\u00dflich an die BMW Bank G mbH, Lilienthalallee 26, 80939 M\u00fcnchen.\nZzgl. 949,00 EUR f\u00fcr Zulassung, Transport und \u00dcberf\u00fchrung.\nStromverbrauch in kWh/100 km: 17,8 (NEFZ); 18,5 (WLTP); Effizienzklasse (NEFZ): A+; Elektrische Reichweite (WLTP) in km: 461 ;\nSpitzenleistung: 210  kW (285  PS)\nOffizielle Angaben zu Stromverbrauch und elektrischer Reichweite wurden nach dem vorgeschriebenen Messverfahren ermittelt und entsprechen der VO (EU) 715/2007 in der jeweils geltenden Fassu ng. F\u00fcr seit\n01.01.2021 neu typgepr\u00fcfte Fahrzeuge existieren die offiziellen  Angaben nur noch nach WLTP.\nKattenstroth Automobile e.K.\nRothenfelder Str. 55\n33775 VersmoldTel. 05423 9515-0\nRothenfelder Str. 55\n33775 Versmold www.kattenstroth-automobile.deTel. 05423 9515-0540_BMW_Kattenstroth_DIN_A4.qxp_Layout 1  22.09.21  12:58  Seite 1\nFunke Automobile GmbH\nSchr\u00f6derstr. 2\n33378 Rheda-Wiedenbr\u00fcckTel.: 05242-9451-0\n540_Funke_Autohaus_90x270.qxp_Layout 1  24.09.21  22:44  Seite 1\nMobil\nKlare Ansage auf \nder Haller Stra\u00dfe\nKlare Ansage f\u00fcr den Verkehr auf der Haller Stra\u00dfe in Isselhorst: \nPiktogramme auf der Fahrbahn und zus\u00e4tzliche Beschilde -\nrungen machen ab sofort deutlich, dass und wo Radfahrende ihren Platz haben. Hintergrund der gemeinsamen Aktion der \nStadt G\u00fctersloh zusammen mit den Isselhorster FAHR-RAD-AK\n-\nTIVEN ist das Ziel, den Raum f\u00fcr Radfahrer, Autos und Fu\u00dfg\u00e4n -\nger noch einmal klar zu definieren und besonders Autofahrer \nzur Achtsamkeit auf der Dorfstra\u00dfe aufzufordern. Die Haller \nStra\u00dfe im Bereich der Ortsdurchfahrt ist auf beiden Seiten mit \nGehwegen ausgestattet, Radwege gibt es nicht. Offensichtlich \nbenutzen dennoch Radler die Gehwege, weil sie sich auf der \nStra\u00dfe von Autos bedr\u00e4ngt f\u00fchlen. So kommt es wiederum zu \nKonflikten mit Fu\u00dfg\u00e4ngern. \nDie Stadt hatte daher beim Land im Rahmen eines Modell -\nversuchs beantragt, beidseitig einen Radfahrstreifen oder \neinen Schutzstreifen f\u00fcr Radfahrer auf der Fahrbahn zu \nmarkieren. Aufgrund der insgesamt geringen Breite der Haller \nStra\u00dfe hat das NRW-Verkehrsministerium diesem Vorhaben \nallerdings nicht zugestimmt. Zusammen mit den Isselhorster \nFAHR-RAD-AKTIVEN sind daraufhin Alternativen entwickelt \nworden, die nun im Rahmen eines Verkehrsversuchs, der zu -\nn\u00e4chst auf ein Jahr angelegt  ist, auf ihre Wirksamkeit gepr\u00fcft \nwerden sollen.\nUm allen Verkehrsteilnehmern zu verdeutlichen, dass das Rad -\nfahren auf der Fahrbahn erlaubt beziehungsweise ein Muss ist, \nsind auf der Strecke zwischen Isselhorster Stra\u00dfe und Niehors -\nter Stra\u00dfe Radfahrpiktogramme auf die Fahrbahn markiert worden. Die vorhandenen Gehwege werden mit dem Verkehrs\n-\nzeichen \u201eGehweg\u201c beschildert, um auch dadurch auch noch einmal die Radfahrer und Radfahrerinnen zu sensibilisieren.Gemeinsam L\u00f6sungen erarbeitet: FAHR-RAD-AKTIVE Norbert \nGr\u00fcneberg, Christina Dohmen und Ulrike Rosenthal mit Maria Rolfes vom Fachbereich Ordnung der Stadt G\u00fctersloh an der neu beschilderten Haller Stra\u00dfe.\nFoto:  Stadt G\u00fctersloh48 49\n99,-\nBitte Bring diese Anzeige mit!Professionelle Zellanalytik  \ninkl. Gesundheitsberatung\nKahlertstra\u00dfe 84 \u00b7 33330 G\u00fctersloh\nTelefon: 05241-34888 \u00b7 info@studio84.fitness\nwww.studio84.fitness\nMontag bis Donnerstag: 6.30 Uhr\u201322.30 Uhr\nFreitag: 6.30 Uhr\u201321.30 Uhr\nSamstag und Sonntag: 10.00 Uhr\u201317.00 Uhr\nFeiertage: 10.00 Uhr\u201315.00 UhrDIAGNOSTIC \n& HEATLH \nFITNESS\nRisiken erkennen durch intelligente Messsysteme\nSchnelle Ergebnisse ohne Blutabnahme \nS\u00e4ure-Basen-Haushalt\nSchadstoff- und Elektro Smog-Belastungen\nMagen-Darm-Gesundheit\nN\u00e4hrstoffhaushalt \n(Vitamine, Mineralien, Spurenelemente, Proteine)\nOxidativer Stress & Entz\u00fcndungen\nStress-Index & Erholungsf\u00e4higkeit\nGesamtenergie\nLeistungs- und Regenerationsf\u00e4higkeit\nund viele weitere M\u00f6glichkeitenDas hab\u2018 \nich mir  \nverdient! \nDas g\u00f6nn\u2018 \nich mir!\nHERBST \nANGEBOT:DIAGNOSTIC \n& HEATLH \nFITNESS\nSport \n\u201eBachelor\u201c Paul Janke wird beim 18. Kloster -\npfortencup am 3. Oktober erneut mitspielen \nund das Team des Titelsponsors Mobil Kran -\nkenkasse als Kapit\u00e4n auf den Platz f\u00fchren.\nF\u00fcr dieses Team, die \u201eMKK Allstars\u201c, k\u00f6nnen \nsich ab sofort im Rahmen eines Gewinnspiels \nnoch Mitspieler aus der Region um einen \nPlatz bewerben. (Bewerbungsschluss ist der \n1. Oktober, 15 Uhr). Der ehemalige Regional -\nliga-Kicker Janke sucht Mitstreiter, die ihn \nbei den Spielen am 3. Oktober unterst\u00fctzen \nund bei den drei Vorrundenbegegnungen \nmit auflaufen. Bewerbungen werden \u00fcber \ndie E-Mail-Adresse cup@klosterpforte.de \nentgegengenommen.\nGut d\u00fcrfte die Nachricht von der Ver -\npflichtung Paul Jankes auch bei weiblichen \nG\u00e4sten ankommen. Bei der letzten Players \nNights war Janke stets gefragtes Fotomo -\ndell. Wie bereits in den Vorjahren wird Paul \nJanke am Vorabend des Turniers \u201eLosfee\u201c bei \nder Players Night dabei sein. Dort werden \nam Vorabend die Gruppenzuordnungen \nausgelost. Diesen festlichen Abend mode -\nriert erneut der Fu\u00dfball-TV-Experte Hansi \nK\u00fcpper. Beide geh\u00f6ren inzwischen \u201ezum \nInventar\u201c zum Cup so Klosterpforten-\nGesch\u00e4ftsf\u00fchrer Christopher Schemmink.\nAufgrund der aktuellen Situation geht \ndas Turnier mit einem etwas verringerten \nTurnierfeld an den Start. Sechs statt der \nsonst acht Traditionsmannschaften treffen \nauf 18 Firmenteams aus der Region. Neben \nBorussia Dortmund, Arminia Bielefeld, SC \nPaderborn und Rot Wei\u00df Essen wird auch die \nMannschaft von Bayer 04 Leverkusen wieder \nmit dabei sein. Mitmachen und gewinnen!\nDas Firmenteam von Alulux verteidigt in diesem Jahr den Sieg und Titel, den die \nMannschaft aufgrund der Corona-\u201ePause\u201c \n2020 nun zwei Jahre inne hatte. heroal, \nnobilia, der FC Deutsche Post, H\u00fclshorst \nFeinkost, Reiling, ARI Bad Amaturen, \nBeckhoff Automation oder das Team vom \nAutohaus Berning sind nur einige der zu \nnennenden Unternehmen, die in 2021 an den \nStart gehen.\nAugenmerk auf Sicherheit aller Teilnehmer\n\u201eWir freuen uns nach so langer Pause, end\n-\nlich wieder spielen zu d\u00fcrfen\u201c, so Sarah \nD\u00f6rmann, Gesch\u00e4ftsf\u00fchrerin der umsetzen -\nden Agentur impulsevent aus Bielefeld. \u201eWir legen gro\u00dfes Augenmerk auf die Sicherheit \naller Teilnehmer und werden w\u00e4hrend der \ngesamten Veranstaltung eine Hygiene\n-\nbeauftragte mit der Kontrolle aller not -\nwendigen Vorkehrungen, insbesondere der Einhaltung der 3G-Regelung einsetzen.\u201c\nNicht nur f\u00fcr den Turniertag, sondern auch \nf\u00fcr die legend\u00e4re Players Night am Vor\n-\nabend zum Turnier haben sich bereits einige \nprominente Alt-Stars angek\u00fcndigt. Neben \nThomas Stratos, der zuletzt als Trainer in \nSaudi Arabien im Einsatz war, rechnen die \nOrganisatoren mit Legenden wie G\u00fcnter \n\u201eKutte\u201c Kutowski und David Odonkor vom \nBVB, aber auch Fu\u00dfballprominenz aus der \nSparte Medien. Philipp K\u00f6ster, Jounalist, \nAutor und Chefredakteur des Fu\u00dfballma -\ngazins 11 Freunde verbindet den Besuch des \nProfispiels Arminia Bielefeld gegen Bayer 04 \nLeverkusen am Sonntag, mit einer Stippvisite \nauf der Players Night am Abend des \n2. Oktober.In Aktion: Paul Janke (rechts) und David Odonkor (Mitte).\nFoto:  Impulsevent\nKicken mit Paul Janke und dem Team \nder Mobil-Krankenkassen Allstars\nwww.heinzelmaennchen-gartenpflege.comTel.: 0 52 46 / 83 78-0Gartenbau & Gartenpflege\nBaum- oder Strauchschnitt\nAls zuverl\u00e4ssiger Partner stehen wir Ihnen\nmit unseren Fachleuten zur Seite.       Wir machen Ihren Garten fit f\u00fcr den Herbst!\nBrockweg 108 | 33332 G\u00fctersloh \nTelefon (05241) 51036\nGepflegt genie\u00dfen \nin Kattenstroth.540_Roggenkamp_90x86.qxp_Layout 1  19.09.21  18:13  Seite 1Mobil\nFord entwickelt \nvernetzte \u201eRoad Safe\u201c- Technologie\nOb auf dem Weg zur Schule, zur Arbeit oder zum Supermarkt: \nViele Strecken sind uns vertraut, und wir wissen genau, an \nwelchen Stellen wir beim Autofahren besonders gut aufpassen \nm\u00fcssen. Mitunter nehmen wir sogar Umwege in Kauf, um ner -\nvenaufreibende Streckenabschnitte oder Engp\u00e4sse zu meiden. Nun hat Ford ein neues Konzept \nnamens \u201eRoadSafe\u201c entwickelt, das unterwegs helfen k\u00f6nnte, \nOrte mit h\u00f6herem Risiko zu erkennen und diese den lokalen Be\n-\nh\u00f6rden zu melden, damit sie bei Bedarf geeignete Ma\u00dfnahmen f\u00fcr mehr Verkehrssicherheit ergreifen k\u00f6nnen.\nDie \u201eRoadSafe\u201c-Technologie von Ford verwendet einen intelli\n-\ngenten Algorithmus, um anonymisierte Daten aus Quellen wie \nvernetzten Fahrzeugen, Stra\u00dfensensoren und Verkehrsnach -\nrichten zu erfassen. Auf diese Weise soll ermittelt werden, wo m\u00f6glicherweise eine erh\u00f6hte Wahrscheinlichkeit von Verkehrs\n-\nunf\u00e4llen vorliegt. Diese Informationen k\u00f6nnen dann auf einer Karte angezeigt werden, die Risiken identifiziert, um Fahrer vor \ngef\u00e4hrlichen Hotspots zu warnen.\n\u201eIn jeder Stadt gibt es Stra\u00dfenabschnitte mit einer erh\u00f6h\n-\nten  Unfallwahrscheinlichkeit, sei es aufgrund eines schlecht \nplatzierten Verkehrsschildes oder eines nicht reparierten \nSchlaglochs. Jetzt k\u00f6nnen wir solche Problembereiche genau \nlokalisieren, um Autofahrer vorwarnen zu k\u00f6nnen und damit \ndie Beh\u00f6rden etwas unternehmen k\u00f6nnen\u201c, sagte Jon Scott, \nProject Lead, City Insights, Ford Mobility, Europe.\nStra\u00dfen f\u00fcr alle sicherer machen\nDas vernetzte \u201eRoadSafe\u201c-Tool ist das Ergebnis von vier Jahren \nForschung. Startpunkt war eine Analyse des Gro\u00dfraums London, \num verkehrstechnische Hotspots hervorzuheben und Gefahren -\npotenziale zu identifizieren. In den vergangenen 15 Monaten \nwurde das Projekt auf  Oxfordshire ausgeweitet, wobei insge -\nsamt mehr als 200 Pkw und Nutzfahrzeuge teilnahmen.\nFord stellte \u201eRoadSafe\u201c im Rahmen der Cenex LCV-Veranstaltung \nauf dem Millbrook Proving Ground im britischen Bedford vor.\nFoto:  Ford\nK\u00f6nigstra\u00dfe 40 | 33330 G\u00fctersloh \nTelefon 05241 20249 \ninfo@sanitaetshaus-kaske.de \nwww.sanitaetshaus-kaske.de\nWillkommen bei Kaske \n \nWir sprechen gern mit Ihnen \u00fcber\nuAlltagshilfen | Badhilfen \nuArthrose | Brustkrebs | Diabetes \nuFitness | Wellness | P\ufb02ege \nuGehhilfen | Rollator | Rehatechnik \nuKompressionsstr\u00fcmpfe \nuLymphe | Venengesundheit \nuMieder | Korsett | W\u00e4rmew\u00e4sche \nuSpezialmieder | Epithesen uOrthop\u00e4dische Bandagen \nuP\ufb02ege zu Hause \nuKrankenp\ufb02egeartikel \nuR\u00fcckenschmerzen \nuSchlaganfall \nuSchnarchen und Schlafen \nuSchuheinlagen540_Kaske_Standard_90x86_1.qxp_Layout 1  19.09.21  18:50  Seite 150 51\n540_Markoetter_186x132.qxp_Layout 1  23.09.21  16:03  Seite 1\n/uni25CF  Schnelle Entscheidungen durch hohe \nRegulierungsvollmachten\n/uni25CF  Unkomplizierte Schadenregulierung\n/uni25CF  Pers\u00f6nlicher Ansprechpartner f\u00fcr die \nSchadenregulierung\n/uni25CF  Individuelle L\u00f6sungen im Schadenfall/uni25CF  Die Kundeninteressen haben bei der \nRegulierung oberste Priorit\u00e4t \nK\u00f6nigstra\u00dfe 44  |  33330 G\u00fctersloh  |  Tel.: 05241-13300\ninfo@ka/t_t  enstroth-gt.de  |  ka/t_t  enstroth-gt.de\nSCHADEN/hyphen.caseREGULIERUNG VOR ORTIM B\u00dcROKATTENSTROTH\n540_JFK_Sonderaktion_90x132.qxp_Layout 1  24.09.21  23:13  Seite 1\nPinnwand\nB\u00fcrgertagsfilm \u00fcber \nVereine und Menschen \nEigentlich h\u00e4tten sich am 18. September 2021 beim dritten \nG\u00fctersloher B\u00fcrgertag tausende Menschen auf dem \nDreiecksplatz und vor der Stadthalle getummelt. Lei -\nder musste die st\u00e4dtische Ehrenamtskoordinatorin Elke \nPauly-Teismann die Gro\u00dfveranstaltung am Jahresanfang  \naufgrund fehlender Planungssicherheit durch die Pande -\nmie absagen. Um aber dennoch an diesem Tag den Fokus \nauf die G\u00fctersloher Vereinslandschaft, deren Angebote \nund das Thema Ehrenamt zu lenken, entstand die Idee zu \neinem \u201eB\u00fcrgertagsfilm\u201c. \nFoto: Stadt G\u00fctersloh\nNachwuchstalent \nbeim FCG\nFoto:  FC G\u00fctersloh\nWollen Sie up-to-date sein? \nWeitere aktuelle Feeds finden Sie unter: www.gt-info.de/pinnwand\nFinaler Entwurf der area61 \nFoto:  Stadt G\u00fctersloh\nKrisenexpertin verst\u00e4rkt \ndie Kreisverwaltung  \nFoto: Kreis G\u00fcterslohDer finale Entwurf f\u00fcr die Freizeitfl\u00e4che \u201earea61\u201c f\u00fcr Jugendliche an \nder B61 neben der neuen Fu\u00dfg\u00e4nger- und Radfahrerbr\u00fccke \u00fcber \nden Westring steht fest. Viele Anregungen, Ideen und Vorschl\u00e4ge \nhat der Fachbereich Gr\u00fcnfl\u00e4chen der Stadt G\u00fctersloh im Rahmen \neines vorangegangenen Beteiligungsprozesses gemeinsam mit \n\u2013 vor allem jungen \u2013 B\u00fcrgerinnen und B\u00fcrgern, Anwohnern und weiteren Interessierten gesammelt, diskutiert und bewertet. \u201eDer \nfinale Entwurf basiert auf den beiden Vorentw\u00fcrfen, die wir im \nzweiten Workshop zur Diskussion gestellt haben\u201c, erkl\u00e4rt Projekt\n-\nleiterin Katharina Krause vom Fachbereich Gr\u00fcnfl\u00e4chen. \u201eEine Viel -\nzahl an Vorschl\u00e4gen ist in diese finale Variante mit eingeflossen.\u201c Diese wurde jetzt allen Interessierten in einem Vorort-Termin an \nder Wiesenstra\u00dfe pr\u00e4sentiert. http://stadt.gt/area61\nDas neue Dezernat Ordnung, Gesundheit und Bev\u00f6lke\n-\nrungsschutz des Kreises G\u00fctersloh wird Dr. Angela Li\u00dfner \nleiten. Die Volljuristin hat sich im Bewerbungsverfahren \ndurchgesetzt und tritt ihre neue Stelle Mitte Januar an. Der FC G\u00fctersloh ist noch einmal auf dem Spieler -\nmarkt aktiv geworden. Der FCG hat den defensiven \nMittelfeldspieler Aleksandar Kandic als 26. Spieler \nunter Vertrag genommen. Der 18-J\u00e4hrige spielte in \nder vergangenen Saison f\u00fcr die U19 von Arminia Bie -\nlefeld, war aber zuletzt ohne Verein. Der Neuzugang ist deshalb sofort spielberechtigt und unterschrieb \neinen Vertrag bis zum 30. Juni 2024. Sein Vater Ivan \nKandic spielte auch schon f\u00fcr den FC G\u00fctersloh. 52\nPinnwand\nNeuer Vorstand f\u00fcr \nWerbegemeinschaft  \nFoto:  Matheus Fernandes\nBei der Mitgliederversammlung der Werbegemeinschaft G\u00fctersloh \nwurden der gesch\u00e4ftsf\u00fchrende Vorstand und die Beisitzer neu gew\u00e4hlt. \nDie Vorstandsmitglieder Markus Finke (Modehaus Finke) und Gabriele \nConert (McDonald\u2019s G\u00fctersloh) werden durch Ulrike Meyer (Schuhhaus \nPotthoff) und Cliff Sch\u00fctte (Porta M\u00f6bel G\u00fctersloh) unterst\u00fctzt. Die neuen \nHerausforderungen meistert der Vorstand gemeinsam mit den gew\u00e4hlten \nBeisitzern: Ralf Schubert (Bankery/Alex G\u00fctersloh), Heike Winter (Geno \nImmobilien), Johannes Westerheide (Klingenthal G\u00fctersloh) und Sabine \nFl\u00f6ttmann (Feine Dinge). \nNeue Stadtf\u00fchrung\nFoto: Detlef G\u00fcthenke\nErstmalig zum Weltaltentag 2021 findet eine auf Schulkinder \nabgestimmte Stadtf\u00fchrung mit Brunhilde Kohls statt. Die neue \nStadtf\u00fchrung der G\u00fctersloh Marketing GmbH (gtm) startet am \nSamstag, 2. Oktober, um 11 Uhr.  Eltern, Gro\u00dfeltern und Schul -\nkinder k\u00f6nnen gemeinsam mit Brunhilde Kohls das G\u00fctersloh von gestern \u2013 in Zeiten der Gro\u00dfeltern \u2013 und das heutige G\u00fctersloh \u2013 \nin Zeiten der Kinder \u2013 erkunden. Wollen Sie up-to-date sein? \nWeitere aktuelle Feeds finden Sie unter: www.gt-info.de/pinnwand\nPostkarten der GNU\nFoto:  Stadt G\u00fctersloh\n\u00dcblicherweise kommt die Post direkt \u00fcber den \nBriefkasten oder ein Postfach ins Rathaus - nicht \nso diese. 50 Postkarten \u00fcberbrachten jetzt Angelika \nDaum und Petra Brinkmann von der GNU (Ge -\nmeinschaft f\u00fcr Natur- und Umweltschutz im Kreis G\u00fctersloh) pers\u00f6nlich an B\u00fcrgermeister Norbert \nMorkes. Auf den Karten sind nicht etwa Urlaubs\n-\ngr\u00fc\u00dfe zu lesen, sondern Anregungen und W\u00fcnsche \nvon G\u00fctersloher B\u00fcrgerinnen und B\u00fcrgern rund um \ndie Themen Klima, Klimaschutz und eine \u00f6kolo -\ngische Stadt. Die Karten wurden im Rahmen der \nKlima-Woche von der GNU . \nG\u00fctersloher \nDJK-Halbmarathon \nAm ersten Sonntag im November startet die \n8. Auflage des Laufevents in G\u00fcterslohs Norden. \nEs werden zus\u00e4tzlich sowohl ein 10-Kilometer-Lauf \n(Start um 11 Uhr ) als auch ein Lauf \u00fcber 5 Kilome -\nter (Start um 10:15 Uhr) angeboten. Die Veran -\nstaltung ist nicht ausschlie\u00dflich f\u00fcr ambitionierte Halbmarathonl\u00e4ufer gedacht, sondern auch und \ngerade f\u00fcr Einsteiger und/oder Kurzentschlossene. \nEine Voranmeldung erfolgt per Internet \u00fcber \nwww.djkguetersloh.de  Eine Nachmeldung kann \naber auch bis 45 Minuten vor den jeweiligen Starts vor Ort erfolgen. Der DJK-Halbmarathon beginnt \nam Sonntag, 7 . November, um 9:50 Uhr mit einem \nBambinilauf f\u00fcr Kindergartenkinder \u00fcber eine Sta\n-\ndionrunde. Um 10 Uhr folgt ein 2 Kilometer langer Lauf f\u00fcr Sch\u00fcler und Sch\u00fclerinnen.\nFoto: pexels / Nathan Cowley\n53\nBunter Heimatabend \nim Bauernhaus\nDer Spexarder Heimatverein l\u00e4dt am 11., 13. und \n14. November 2021 zu seinem 30. Bunten Heimat -\nabend ein. Die traditionelle Veranstaltung findet nach einem Jahr Pause nun wieder auf der Deele \ndes Spexarder Bauernhauses statt. Eine abwechs\n-\nlungsreiche Mischung aus Musik und Theater erfreut \nsicherlich wieder das Publikum. Diesmal dabei sind \ndie Messdiener von der Bruder-Konrad-Kirche zu -\nsammen mit den Spexarder Jungsch\u00fctzen und der \nTheaterkreis des Heimatvereins, der schon f\u00fcr den \nSchwank \u201eDer Vaterschaftstest\u201c von Marc Kuentz \nprobt. Die Veranstaltungen am Donnerstag (11. No -\nvember) und am Samstag (13. November) beginnen um 19 Uhr. Am Sonntag (14. November) \u00f6ffnet sich \nder Vorhang bereits um 18 Uhr. Einlass in das \nSpexarder Bauernhaus ist jeweils eine Stunde fr\u00fc\n-\nher. Der Saal ist mit Reihenbestuhlung ausgestattet. F\u00fcr alle Teilnehmer gilt aufgrund der Corona-Pan\n-\ndemie eine zum Zeitpunkt der Veranstaltungen g\u00fcl -\ntige Nachweis-Pflicht von mindestens 3G (geimpft, genesen oder getestet). \nFoto:  M. SchumacherPinnwand\nMichaeliswoche\nFoto:  Lena Descher\nWenn die Innenstadt zur (Stra\u00dfen-)Showb\u00fchne wird, Kinder ihr Verkaufstalent am eigenen Flohmarktstand unter Beweis stellen, \nim Mohns Park beim Kindermusikfestival abrocken und es auf dem \nMarktplatz bei der Kirmes rundgeht, dann ist Michaeliswoche. Die\n-\nse findet in diesem Jahr von Samstag, 25. September, bis Sonntag, 3. Oktober, in G\u00fctersloh statt. Realisiert wird die Veranstaltung tra\n-\nditionell und corona-konform von der G\u00fctersloh Marketing GmbH (gtm) im Auftrag des Verkehrsvereins G\u00fctersloh.\nG\u00dcTERSLOH\nLOKAL\nDie reinste Freude www.bestexpress-bielefeld.de\u00bbDA FREUT SICH\nIHR AUTO\u00ab\nOptimaler Lackschutz im Herbst\nA. H. Schr\u00f6der Team GmbH & Co. KG\nHansestra\u00dfe 1d \u00b7 33689 Bielefeld-Sennestadt \nSTAUBSAUGEN KOSTENLOS \u2022 ANGEBOT G\u00dcLTIG BIS 30.11.2021ALLE PREISE IN EURO INKLUSIVE MWST. Jetzt GRATIS dazu! \nA. H. Schr\u00f6der Team GmbH & Co. KG\nJetzt \nBEST SUPERGLANZ BEST EXKLUSIV BEST PERFEKT +ZUM KOMBI-SONDERPREIS Statt 26,- 18,5054 55K\u00fcchenkompetenz \nseit mehr als 55 Jahren \nSchritt f\u00fcr Schritt zum K\u00fcchengl\u00fcck mit der porta K\u00fcchenwelt in G\u00fctersloh\nEndlich eine neue K\u00fcche! F\u00fcr viele Men -\nschen geht mit einer individuell geplanten \nK\u00fcche ein Traum in Erf\u00fcllung. Doch bevor \ndas neue Lieblingsgericht das erste Mal am \nneuen Herd zubereitet wird, m\u00fcssen einige \nEntscheidungen getroffen werden. Diese \nsollten gut \u00fcberlegt sein, denn wenn die \nK\u00fcche erstmal steht, lassen sich nur schwer \n\u00c4nderungen vornehmen. Umso wichtiger ist \nes, bei der K\u00fcchenplanung einen kompeten -\nten und zuverl\u00e4ssigen Partner an der Seite \nzu haben, der die Materie versteht und die \nzuk\u00fcnftigen Besitzer Schritt f\u00fcr Schritt auf \ndem Weg zur Traumk\u00fcche begleitet. Es gibt \nviele gute Gr\u00fcnde daf\u00fcr, dass dieser Partner \ndie porta K\u00fcchenwelt in G\u00fctersloh sein sollte. \nHier erhalten die Kunden alles aus einer \nHand \u2013 von der kostenlosen Beratung bis hin zur perfekt montierten K\u00fcche und dar\u00fcber \nhinaus. \nDas Einrichtungsunternehmen aus Porta \nWestfalica hat sich seit seiner Gr\u00fcndung im \nJahr 1965 als kompetenter K\u00fcchenspezialist \netabliert und blickt somit auf mehr als 55 \nJahre Erfahrung zur\u00fcck. Heute ist porta mit \nzwei separaten K\u00fcchenwelten und 26 gleich -\nnamigen K\u00fcchenstudios in den Einrichtungs -\nh\u00e4usern in Deutschland vertreten. Auch im Einrichtungshaus G\u00fctersloh, das im Novem\n-\nber bereits 10-j\u00e4hriges Jubil\u00e4um feiert, wer -\nden K\u00fcchentr\u00e4ume mit Leidenschaft erf\u00fcllt: \u201eUnser Motto lautet: Geht nicht, gibt\u2019s nicht. \nUnser K\u00fcchenteam geht auf individuelle \nKundenw\u00fcnsche ein\u201c, berichtet Gesch\u00e4fts\n-\nleiter Cliff Sch\u00fctte. Die erfahrenen K\u00fcchen -Kunden k\u00f6nnen sich in der porta \nK\u00fcchenwelt G\u00fctersloh kostenlos und unverbindlich beraten lassen. \nEin Beispiel, wie eine frei geplante K\u00fcche der porta-Exklusivmarke MONDO aussehen kann. \nexperten aus G\u00fctersloh planen mit dem \nKunden schrittweise die neue Traumk\u00fcche. \nBevor es in die Detailplanung geht, findet \nein pers\u00f6nliches Beratungsgespr\u00e4ch statt. \n\u201eIm ersten Schritt fragen wir die W\u00fcnsche ab. \nWelcher Stil soll es sein, wie sind die r\u00e4um -\nlichen Gegebenheiten, gibt es architekto -\nnische Besonderheiten etc. Danach geht es schlie\u00dflich in die 3D-Planung. Das alles \nkostet den Kunden nat\u00fcrlich noch nichts\u201c, \nerl\u00e4utert Sch\u00fctte die ersten Steps Richtung \nK\u00fcchengl\u00fcck. Die 3D-Planung findet auf \nKundenwunsch sogar vor Ort als Heimbe\n-\nratung statt. Steht die Planung, so nehmen die entsprechenden Techniker direkt beim \nKunden Aufma\u00df, um beste Ergebnisse zu \nerzielen. Nach Bestellung der K\u00fcche m\u00fcssen \nsich die Kunden dann ein wenig gedulden bis die geschulten Montageprofis die K\u00fcche liefern und montieren. Auch die Wasser- und \nElektroinstallation wird fachgerecht von por\n-\nta durchgef\u00fchrt. \u201eWenn unser Team mit der K\u00fcchenmontage fertig ist, kann der Kunde \ndirekt anfangen zu kochen. Da bieten wir \nselbstverst\u00e4ndlich ein Rundum-sorglos-Ser\n-\nvicepaket\u201c, betont der porta Gesch\u00e4ftsleiter aus G\u00fctersloh. Auch dar\u00fcber hinaus ist der \nporta Kundenservice f\u00fcr die neuen K\u00fcchen\n-\nbesitzer da. Auf alle K\u00fcchenholzteile gew\u00e4hrt \ndas Einrichtungsunternehmen sogar eine \nGarantie von f\u00fcnf Jahren. \nKostenlose Beratung \nund individuelle 3D-Planung\nWer jetzt Lust auf eine neue K\u00fcche be -\nkommen hat oder gerade auf der Suche \nist, kommt an einem Besuch in der porta \nK\u00fcchenwelt im Einrichtungshaus G\u00fctersloh \nnicht vorbei. An Inspiration mangelt es beim \nK\u00fcchenexperten nicht: \u00dcber 100 Ausstel -\nlungsk\u00fcchen, das Elektroger\u00e4te-Kompe -\ntenzcenter sowie das Natursteinarbeits -\nplatten-Studio bieten den Kunden die Qual \nder Wahl. Selbstverst\u00e4ndlich sind darunter \nbekannte K\u00fcchenhersteller aus der Region \nvertreten wie zum Beispiel Nolte, Nobilia und Local Heroes Anzeige Anzeige\nH\u00e4cker sowie die beliebten porta Exklu -\nsivmarken MONDO oder impressa. Auch in puncto E-Ger\u00e4te bietet porta eine riesige \nAuswahl. Von Samsung und Siemens \u00fcber \nAEG, Miele und NEFF bis hin zu Bora und \nBosch hat porta alle namhaften Hersteller \nim Sortiment. Die K\u00fcchenprofis beraten \ndie Kunden bei der Auswahl der richti\n-\ngen Ger\u00e4te kompetent und stellen ihr \njahrelanges Know-how unter Beweis. \u201eBei \nE-Ger\u00e4ten gibt es st\u00e4ndig Innovationen \n\u2013 unsere Mitarbeiter werden regelm\u00e4\u00dfig \ngeschult und sind auf dem neusten Stand \nbez\u00fcglich Technik, Energieeffizienz und \nCo.\u201c, verr\u00e4t Sch\u00fctte. Ob Kochfeld mit \nintegriertem Dunstabzug, eine Kochinsel \nmit Kochfeld und Inselesse oder ein klassi -\nscher Herd mit Wandesse \u2013 bei porta \nwird das realisiert, was der Kunde sich \nw\u00fcnscht. \nZinsfreie Finanzierungsm\u00f6glichkeiten \nNeben der erstklassigen Beratung und \ndem Rundum-sorglos-Service haben die \nKunden bei porta die M\u00f6glichkeit, die K\u00fc -\nche ganz bequem zinsfrei zu finanzieren. F\u00fcr weitere Informationen stehen die K\u00fc\n-\nchenfachberater jederzeit zur Verf\u00fcgung. Wer nach der K\u00fcchenplanung nicht mit lee -\nren H\u00e4nden nach Hause gehen m\u00f6chte, kann sich in der Haushalts-Abteilung direkt mit der \nErstausstattung f\u00fcr die neue K\u00fcche eindecken. \nVon Topfsets \u00fcber Pfannen bis hin zu Besteck \nund Geschirr ist hier alles erh\u00e4ltlich, was f\u00fcr den \nKochabend mit Freunden und Familie ben\u00f6tigt \nwird. \nDie porta K\u00fcchenwelt an der Friedrich-Ebert-\nStra\u00dfe 101 hat genau wie das Einrichtungshaus \nvon montags bis samstags jeweils zwischen \n10 und 19 Uhr ge\u00f6ffnet. Interessierte k\u00f6nnen be\n-\nreits online einen Termin f\u00fcr die K\u00fcchenplanung vereinbaren und mit dem 3D Online-K\u00fcchenpla\n-\nner bereits erste Ideen selbst einflie\u00dfen lassen. Alle Infos h\u00e4lt porta.de/kuechenwelt bereit.\nFriedrich-Ebert-Stra\u00dfe 101 \n33332 G\u00fctersloh\nTelefon: 0 52 41 / 74 32 90\nE-Mail: kuechenwelt-guetersloh@porta.de www.porta.de\nGesch\u00e4ftsleiter Cliff Sch\u00fctte freut sich auf alle Kunden. \nHier geht\u2018s direkt zur Terminver\n-\neinbarung.\n Fotos:  Porta57\n\u201eSie wollen ohne Makler verkaufen oder \nvermieten \u2013 und zwar privat und komplett \nprovisionsfrei? Dann sind Sie bei uns ohne \nZweifel komplett richtig\u201c, erkl\u00e4ren die G\u00fc -\ntersloherinnen Melanie Filla und Ute G\u00f6th, Maklerinnen mit Leib und Seele. Mit ganz \nviel Know-how und absolut seri\u00f6s k\u00fcmmern \nsich die beiden um eine Vielzahl an Leistun\n-\ngen rund um Ein- und Mehrfamilienh\u00e4user, Grundst\u00fccke, Eigentumswohnungen und \nGewerbeobjekte. Mit ihrem einzigartigen \nOnline-Immobilienportal immnu gehen \ndie beiden Immobilien-Profis jetzt einen \ndeutschlandweit einmaligen und einzig\n-\nartigen Weg. Unter dem Motto \u201e100 Prozent Courage und null Prozent Courtage\u201c zeigen \nFilla und G\u00f6th den digitalen Weg der Zu\n-\nkunft bei der Suche nach der richtigen \nImmobilie. Sie brechen dar\u00fcber hinaus ver -\naltete Strukturen auf und denken Immobilien ganz neu. Bei immnu wird der Verkaufs- oder \nVermietungsprozess in einfache Einzel\n-\nkomponenten gesplittet. So k\u00f6nnen nach \nBedarf und Anspruch einzelne oder mehrere \naufeinander aufbauende Online-Pakete \ngebucht werden: unkompliziert, flexibel und \nindividuell. Rundum-Sorglos-PaketMit immnu hat man die M\u00f6glichkeit, aus ver\n-\nschiedenen Service-Paketen mit Festpreisen \ndas passende auszuw\u00e4hlen \u2013 je nachdem, \nwelche Teilschnitte man selbst \u00fcbernehmen \nm\u00f6chte. F\u00fcr den wirklich sorgenfreien Rund -\num-Sorglos-Service kann man verschiedene Pakete miteinander kombinieren \u2013 ohne eine \nCourtage bezahlen zu m\u00fcssen. \u201eDennoch \nk\u00f6nnen unsere Kundinnen und Kunden von \nunserer langj\u00e4hrigen Makler-Expertise \nprofitieren\u201c, versprechen Melanie Filla und \nUte G\u00f6th, die allen immnu-Nutzern von der \nBewertung \u00fcber die Vermarktung bis hin um \nerfolgreichen Abschluss zur Seite stehen. \nEin nicht wegzudenkender Schritt auf dem \nWeg zu einer erfolgreichen Immobilienver\n-\nmittlung ist die realistische Bestimmung des Marktwertes des zu verkaufenden Objektes. \nImmobilienspezialisten kennen genau die Details, die es zu beachten gilt. Daher emp\n-\nfehlen Melanie Filla und Ute G\u00f6th: \u201eWerfen \nSie einen Blick auf die entsprechenden Ser -\nvice-Pakete \u2013 oder kontaktieren Sie uns f\u00fcr weitere Optionen. Als erste Orientierungshilfe \nk\u00f6nnen Sie unser Online-Tool zur professio\n-\nnellen Wertermittlung nutzen.\u201cUte G\u00f6th und Melanie Filla (von links) denken Immobilien jetzt ganz neu.\nGlaubw\u00fcrdig und seri\u00f6s\nUm mit einer Immobilie aufzufallen, sind eine \neindrucksvolle Pr\u00e4sentation und eine opti -\nmale Platzierung der zu verkaufenden oder \nzu vermietenden Immobilie das A und O. Filla \nund G\u00f6th erstellen ein optimales Expos\u00e9, \ndas Emotionen weckt und alle entscheiden -\nden Merkmale des Objektes zusammenfasst \u2013 je nach ausgew\u00e4hltem Service-Paket in\n-\nklusive professioneller Bilder, Digital Staging und mehr.\nIm Online-Portal immnu werden insgesamt \nacht Pakete angeboten, mit denen man \nmaklerfrei verkaufen und vermieten kann. Die \nPakete beinhalten \u00fcbersichtlich unterschied\n-\nliche Serviceleistungen, die mit entspre -\nchenden Preisen zu buchen sind. Alles easy \nund \u00fcbersichtlich in der Darstellung. \u201eUns ist \nes sehr wichtig, dass wir mit diesem Portal \nabsolut glaubw\u00fcrdig und seri\u00f6s arbeiten\u201c, \nversichern Melanie Filla und Ute G\u00f6th.\nAlso \u2013 wer eine Immobilie ohne Makler ver -\nmieten oder verkaufen m\u00f6chte und hierzu \nFragen hat, sollte ganz schnell das Kontakt -\nformular auf immnu.de nutzen und sich mit den Expertinnen in Verbindung setzen. So \nfunktioniert die digitale Zukunft auf dem Im\n-\nmobilienmarkt!\nAlle Informationen unter: www.immnu.deLocal HeroesAnzeige\nVerkauf\u2019s \ndir selbst!\nImmobilien-Portal immnu geht \ndigitalen Weg der Zukunft\nFoto:  Markus Corsmeyer\nClick und \nFilm sehen!Die Vorbereitungen in der \u00c4sthetik Lounge f\u00fcr den bevorstehenden \nUmzug laufen bereits auf Hochtouren. Bald ist es soweit \u2013 und die \n\u00c4sthetik Lounge erstrahlt im neuen Glanz. F\u00fcr den aktuellen Stand der \nDinge halten wir Sie st\u00e4ndig auf dem Laufenden. Im Magazin und auf \nallen Social Media-Kan\u00e4len.\nBevor sich die \u00c4sthetik Lounge im Dezember noch gr\u00f6\u00dfer \nund moderner pr\u00e4sentiert, ist nach wie vor die ausf\u00fchr -\nliche individuelle Beratung der Neu- und Stammkunden ein wesentliches Thema. \u201eNiemand darf \u201agemacht\u2019 \naussehen. Das ist unseren Kunden am wichtigsten. Daf\u00fcr \nbringe ich jahrelange Erfahrung mit und kann auf zahlrei\n-\nche Aus- und Weiterbildungen zur\u00fcckblicken, um jedem \nentsprechen zu k\u00f6nnen und um \nden Kundinnen und Kunden das \npassende Treatment anzubieten\u201c, \nverr\u00e4t Inhaberin Andrea Gawlik.\nSie wird unterst\u00fctzt von Ge -\nsch\u00e4ftspartnerin Alex Holmsto -\nel-M\u00fcller. Alex ist verantwortlich \nf\u00fcr den Kosmetik- und Wellness -\nbereich in der \u00c4sthetik Lounge. Sie hat sich spezialisiert auf Behand\n-\nlungen bei Hautproblemen wie Akne, unreine und fettige Haut \noder Pigmentst\u00f6rungen. Eine ef\n-\nfektive Behandlungsmethode bei \nAkne sind die chemischen Pee -\nlings \u2013 aufgebaut als Kurbehandlung. Die Peels l\u00f6sen die abgestorbenen Hautsch\u00fcppchen, dringen in die Haut \nein, um dort gegen Entz\u00fcndungen, vermehrte Talgpro\n-\nduktionen und Unreinheiten zu arbeiten. Die Haut wird \nsomit klarer und frischer. Sehr gute Ergebnisse k\u00f6nnen \nerreicht werden, wenn begleitend zu Hause entspre -Niemand darf  \u201egemacht\u201c aussehen !\nchende Pflegeprodukte verwendet werden. Sie werden \nindividuell nach einer pers\u00f6nlichen und professionellen \nBeratung auf den Kunden abgestimmt.\nImmer mehr Menschen k\u00f6nnen sich das \u00c4lterwerden nicht \nso richtig vorstellen und haben ein Problem mit immer \ntiefer werdenden F\u00e4ltchen und h\u00e4ngender Haut. Corona \nsorgte bereits im vergangenen und auch in diesem Jahr \nh\u00e4ufig f\u00fcr privaten und beruflichen Stress, der sich oft auf \ndie Haut auswirkt. Viele Menschen f\u00fchlen sich abge -\narbeitet. Die Haut erschlafft und wird tr\u00e4ge. \u201eMit kleinen und nahezu unsichtbaren Methoden k\u00f6nnen F\u00e4ltchen \nkorrigiert werden \u2013 und wir k\u00f6nnen die Haut im neuen \nGlanz erstrahlen lassen. Ob eine Faltenunterspritzung mit \nHyaluron oder gar ein Fadenlifting, beide Behandlungen \nlassen die Folgen des Alltags unsichtbar werden\u201c, so \nAndrea Gawlik.Andrea Gawlik\nHeilpraktikerin\n\u00c4sthetiktherapeutin\nErn\u00e4hrungsberaterin\nMassagetherapeutinAlexandra Holmstoel-M\u00fcller\nMedizinische Fachkosmetikerin\nProblemhautbehandlungenHautverj\u00fcngungAknebehandlungenNarbenbehandlungenFoto: Wolfgang Sauer\nUnter den Ulmen 35\n33330 G\u00fctersloh\nTelefon: 0 52 41 / 99 88 933\nMobil: 01 70 / 5 76 07 90\nwww.aesthetiklounge.deAnzeige Local Heroes\nHerbstangebote\n \nNasenkorrektur mit Hyaluron179 Euro anstatt 199 Euro Faltenunterspritzung der Nasolabialfalte2 ml Hyaluron nur 349 Euro anstatt 399 Euro\nFreuen Sie sich auf die neue \u00c4sthetik Lounge \nmit vielen tollen Angeboten.\n5659\nWir k\u00f6nnen das \u2013 seit 50 Jahren!\nEs gibt was zu feiern! Die HVG Hausverwaltungsgesellschaft Oesterhelweg begeht \nin diesen Tagen ihr 50-j\u00e4hriges Jubil\u00e4um \u2013 ein guter Grund zum Jubeln. \n\u201eGanz genau\u201c, sagt Gesch\u00e4ftsf\u00fchrer Peter \nOesterhelweg. \u201e50 Jahre Hausverwaltung \nbedeutet Best\u00e4ndigkeit und lange Erfahrung \nin der Betreuung des Eigentums unserer \nKunden.\u201c Mit 16 Mitarbeitern und mehr als \n3.000 Wohnungen im Kreis G\u00fctersloh z\u00e4hlt die HVG heute zu den gr\u00f6\u00dften privaten \nHausverwaltungen der Region.\nSo ziemlich auf den Tag genau wurde die \nHVG am 1. Oktober 1971 als Tochtergesell\n-\nschaft der damaligen Spar- und Dar -\nlehnskasse in G\u00fctersloh gegr\u00fcndet. Sp\u00e4ter \u00fcbernahm Dieter Harmeling die Leitung und erwarb 1992 die komplette Firma. Seit 1999 \nleitet Peter Oesterhelweg die Geschicke \ndes Unternehmens an der Berliner Stra\u00dfe \n81. \u201eWir sind in den vergangenen Jahrzehn\n-\nten kontinuierlich gewachsen. Gleichzeitig \nhaben wir ein gutes Netzwerk zu Beh\u00f6rden, \nInstitutionen, Handwerkern und Dienst -\nleistern aufgebaut\u201c, erkl\u00e4rt er weiter. Und \ndavon profitieren hier die Kunden, denn \nSonderkonditionen werden direkt an sie \nweitergegeben. Gleichzeitig garantiert die \nMitgliedschaft im Bundesfachverband der Immobilienverwalter und im Immobilienver\n-\nband Deutschland eine hohe Qualit\u00e4t und \nbesten Versicherungsschutz.\n\u201eLeistungsf\u00e4higkeit ist \nkeine Frage der Gr\u00f6\u00dfe\u201c \nDas ist eine Erkenntnis, die bei der HVG in \nvielen Bereichen G\u00fcltigkeit hat. Trotz des \ngro\u00dfen Kundenkreises bleibt das Team \u00fcber -\nschaubar, ganz ohne starre Strukturen und in einem freundlichen Miteinander. Jeder \neinzelne von ihnen k\u00fcmmert sich mit gro\u00dfem \nEngagement um jeden einzelnen Kunden. \nSie alle haben fundierte Ausbildungen, und \nihr Know-how wird kontinuierlich gef\u00f6rdert. \n\u201eAndererseits aber\u201c, so der Chef weiter, \u201esind \nwir gro\u00df genug, um jederzeit auch f\u00fcr an\n-\nspruchsvolle Objekte volle Leistung zu bieten und schnell zu handeln.\u201cFreut sich \u00fcber das \n50-j\u00e4hrige Jubil\u00e4um: das Team der HVG Hausverwaltungsgesell\n-\nschaft Oesterhelweg.\nVerwaltung als Prinzip\nKeine Frage, jedes Objekt ist einzigartig, und \ndoch gibt es viele Dinge, die bei jedem Ge -\nb\u00e4ude gleich sind. Nat\u00fcrliche Alterungspro -\nzesse und Verschlei\u00df f\u00fchren zu Reparaturen; \nFortschritte in der Geb\u00e4udetechnik machen \nModernisierungen hin und wieder erforder -\nlich. Gesetzes\u00e4nderungen, Zahlungsverkehre, \nMahnwesen und Versicherungen m\u00fcssen \norganisiert, angepasst und \u00fcberwacht wer -\nden. \u201eEine gute Betreuung ist vielschichtig \nund aufwendig. Wir bieten f\u00fcr jedes Ge -\nb\u00e4ude ein spezielles Leistungspaket an.\u201c Ein weiterer Schwerpunkt ist die Betreuung von  \nGemeinschaftseigentum in Gesamtobjekten, \nlaut Wohnungseigentumsgesetz, WEG, und \ndie umfangreiche Verwaltung unterschied\n-\nlichster Mietobjekte. \u201eAuch hier bieten wir \nals starker Partner einen transparenten Full \nService an.\u201cLocal Heroes Anzeige\nBerliner Stra\u00dfe 81\n33330 G\u00fctersloh\nTelefon 0 52 41 / 53 52-0\nE-Mail: info@hvg-hausverwaltung.de\nwww.hvg-hausverwaltung.de\n Peter Oesterhelweg\n58Zahnlaborinhaber Elmar Vorderw\u00fclbecke (links), Curadentia-Chef Zahnarzt Oussama Benazzouz und Mark Terwellen, Zahnarzt in der Praxis Curadentia.\nDie enge Zusammenarbeit zwischen Zahnarzt und Zahnlabor sichert bestm\u00f6gliche Qualit\u00e4t. Local Heroes Anzeige\nHelle, freundliche Behandlungszimmer nehmen den Patienten die Angst vor der Behandlung.\nSch\u00f6ne Z\u00e4hne\n\u201eUnser Name Curadentia bedeutet Zahngesundheit. Und genau darum geht es bei uns: \nWir k\u00fcmmern uns um gesunde und sch\u00f6ne Z\u00e4hne, ihre Pflege, Behandlung und Heilung\u201c, \nbringt es Zahnarzt Oussama Benazzouz, Inhaber der Praxis Curadentia, auf den Punkt. \nNat\u00fcrlich f\u00e4ngt das alles bereits im Kindes -\nalter an, damit aus einem gepflegten Milch -\ngebiss gesunde Z\u00e4hne im Erwachsenenalter \nwerden. Doch zum \u00c4lterwerden geh\u00f6ren \nauch hin und wieder Abnutzungen, Absplit -\nterungen oder Karies. Dann versorgt das \nCuradentia-Team kari\u00f6se Z\u00e4hne, beseitigt \nunsch\u00f6ne Zahnzwischenr\u00e4ume oder erh\u00e4lt \nmit Wurzelkanalbehandlungen angegriffene \nZ\u00e4hne.\nPerfekte Zusammenarbeit\nWenn es aber doch einmal sein muss, geh\u00f6rt \nin der Zahnarztpraxis Curadentia hochwer -\ntiger Zahnersatz, wie Inlays, Kronen, Br\u00fccken \nund Prothesen zum Standard. Gleiches \ngilt f\u00fcr Implantate: \u201eUm Patientinnen und \nPatienten bestm\u00f6glich zu beraten, arbei -ten wir eng mit dem G\u00fctersloher Zahnlabor Vorderw\u00fclbecke zusammen. Gemeinsam \nfinden wir den perfekte Ersatz f\u00fcr fehlende \nZ\u00e4hne, der in Funktionalit\u00e4t und \u00c4sthetik \ndie Bedingungen eines nat\u00fcrlichen Zahnes \nkomplett erf\u00fcllt.\u201c Dass diese Methode das \nBeschleifen der Nachbarz\u00e4hne \u00fcberfl\u00fcssig \nmacht und Knochenschwund verhindert, ist \nnur einer die weiteren Vorteile dieser Form \ndes Zahnersatzes. \nGemeinsam gegen die Angst\nDie Angst vor dem Zahnarzt ist nach wie \nvor weit verbreitet. Doch auch hier gibt \nCuradentia den Zahnarztangst-Patientinnen \nund Patienten Halt: \u201eIn unseren angenehmen \nund entspannenden R\u00e4umlichkeiten bieten \nwir ihnen einen stress- und angstfreien Auf\n-enthalt.\u201c Doch nicht nur das, das Team um Zahnarzt Oussama Benazzouz geht hier mit \nbesonderer Sensibilit\u00e4t auf die Patientinnen \nund Patienten ein und nimmt ihre Angst sehr \nernst. \u201eDenn Vertrauen\u201c, so der Zahnarzt, \n\u201eist die beste Basis f\u00fcr eine erfolgreiche Be\n-\nhandlung.\u201c\nM\u00fcnsterstra\u00dfe 50\n33330 G\u00fctersloh\nTelefon: 0 52 41 / 2 60 17\ninfo@curadentia.de\nwww.curadentia.de\nFotos:  Antoine Jerji\nFotos:  Antoine Jerji60www.glasfaser-gt.de\nSie m\u00f6chten auch mit Highspeed surfen? \n Nutzen Sie jetzt die Chance auf das \n schnelle  I nternet der  Zukunft. Mit nur \nwenigen Klicks informieren,  buchen oder \nonline von  Experten beraten lassen unter\n www.stadtwerke-gt.de/onlineberatungGlasfaser statt \nKupfer, denn langsam war gestern!JETZT F\u00dcR \nGLASFASER \nENTSCHEIDEN\nLocal Heroes Anzeigen\n\u201eAutismus verstehen\u201c, so hei\u00dft die Ver -\nanstaltung, die am Dienstag 5. Oktober, \nin der diesj\u00e4hrigen Reihe der Gesund -\nheitsgespr\u00e4che online vom LWL-Klinikum G\u00fctersloh durchgef\u00fchrt wird. Menschen, die \nan Autismus leiden, haben eine ver\u00e4nder\n-\nte Wahrnehmungsverarbeitung, und die \nSt\u00f6rung ist gekennzeichnet durch qualita -\ntive Abweichungen in den wechselseitigen sozialen Interaktionen. F\u00fcr Menschen mit \neiner entsprechenden St\u00f6rung kann es zum \nBeispiel schwer sein, die Absichten anderer \nMenschen zu erkennen und richtig einsch\u00e4t\n-\nzen zu k\u00f6nnen. Auch k\u00f6nnen Reize und damit \neinhergehende Reiz\u00fcberflutungen eine \ngro\u00dfe Rolle spielen.  Eine Autismus-St\u00f6rung \nkann mit einer Intelligenzminderung einher -\ngehen, muss es aber nicht. Vielmehr gibt es bei Menschen mit einer Autismus St\u00f6rung \nzahlreiche mit besonderen F\u00e4higkeiten, so\n-\ngenannten Inselbegabungen. Trotz gro\u00dfer \nAnstrengungen ist es bisher nicht gelungen, \ndie Ursachen f\u00fcr die St\u00f6rung umfassend zu \nkl\u00e4ren. Neben genetischen Einfl\u00fcssen gelten \nauch Umwelteinfl\u00fcsse als bedeutende \nEinflussfaktoren. Das Bild von Autismus ist \nsehr vielf\u00e4ltig und kann bei jedem Betrof -\nfenen anders sein \u2013 man spricht von einem \u201eAutismus verstehen\u201c\nLWL-Klinikum G\u00fctersloh\nBuxelstra\u00dfe 5033334 G\u00fcterslohTelefon: 0 52 41 / 5 02-0\n\u201eAutismus-Spektrum\u201c. Eine Studie aus den \nUSA kam zu dem Ergebnis, das ungef\u00e4hr \n2,2 Prozent der Jungen und M\u00e4dchen im \nAlter von 3 bis 17 Jahren an einer Autis -\nmus-St\u00f6rung leiden.  \u00dcber das Erkennen, Verstehen und therapeutische Ans\u00e4tze \nsprechen am 5. Oktober im Gesundheits\n-\ngespr\u00e4ch in der Zeit von 18 bis 19 .30 Uhr Dr. \nJohannes Hoppmann, Experte f\u00fcr Autismus \nund Psychiater am LWL-Klinikum G\u00fctersloh, \nund Professor Michael Schulz, Gesundheits- \nund Pflegewissenschaftler und Mitarbeiter \nin der  Stabsgruppe f\u00fcr Klinikentwicklung \nund Forschung. Dr. Johannes Hoppmann \nberichtet von seiner langen Erfahrung in der Begleitung von Patientinnen und Patienten mit Autismus.\nDas Gesundheitsgespr\u00e4ch findet online \u00fcber \nZoom und YouTube statt und ist kostenfrei. \nDer Link zur Veranstaltung befindet sich auf \nder Hompage des LWL-Klinikums G\u00fctersloh: \nwww.lwl-klinik-guetersloh.de/de\nFoto:  LWL Klinikum\nFr\u00fcher galt f\u00fcr Krebspatienten: m\u00f6glichst schonen und wenig Belas -\ntung. Das ist mittlerweile \u00fcberholt. Heute sind Mediziner und Wis -\nsenschaftler von einem positiven Zusammenhang von k\u00f6rperlicher \nAktivit\u00e4t und vor allem spezifischem Training und der Verfassung be -\nziehungsweise Psyche von Krebserkrankten \u00fcberzeugt. \nK\u00f6rperliche Aktivit\u00e4ten k\u00f6nnen Krebs-Erkrankungen vorbeugen, sind \naber auch f\u00fcr bereits an Krebs erkrankte Patienten von gro\u00dfem Wert. \nGr\u00fcnde daf\u00fcr, dass auch Krebs-Kranke k\u00f6rperlich aktiv \nseien oder Sport treiben sollten, gibt es viele. So \nmindern k\u00f6rperliche Aktivit\u00e4ten das Gesamtsterblich -\nkeits-Risiko, k\u00f6nnen also das Leben verl\u00e4ngern. Ein \nk\u00f6rperlich aktiver Lebensstil beziehungsweise sys -\ntematische Sport- und Bewegungstherapien seien \nzum Beispiel in der Lage, psychischen und auch \nphysischen Belastungen und Nebenwirkungen \nder Tumor-Erkrankung sowie der Thera -\npie entgegenzuwirken, berichten Dr. \nJoachim Wiskemann und Professorin \nKaren Steindorf. Da Nebenwirkungen \nh\u00e4ufig die Therapiedosis einschr\u00e4n -\nken, k\u00f6nnen k\u00f6rperliche Aktivit\u00e4ten \nauch den Nutzen der Therapie \nf\u00f6rdern. M\u00f6glicherweise sch\u00fctzen \nsie vor Rezidiven, wie erste Stu -\ndien-Ergebnisse vermuten lassen.In der Reha-Phase einer Krebserkrankung ist Sport schon l\u00e4nger Be -\nstandteil der Therapie, aber zahlreiche Studien haben gezeigt, dass \nes besser ist, bereits fr\u00fcher damit zu beginnen. Am besten bereits bei Diagnosestellung, um den K\u00f6rper f\u00fcr Operation und Therapie zu \nst\u00e4rken. \nDie OTT ist ein integratives Trainingskonzept, welches in der Regel \nin Abstimmung mit dem behandelnden Onkologen erfolgt. Da der \nBehandlungsverlauf, das Auftreten und die Auspr\u00e4gung von Neben\n-\nwirkungen sowie die individuellen Voraussetzungen des Patienten \nsehr unterschiedlich sind, ist auch die OTT hochindividuell. Nach einer ausf\u00fchrlichen Anamnese und Einsch\u00e4tzung ihrer k\u00f6rperlichen \nVoraussetzungen wird ein Trainingsplan gem\u00e4\u00df dem aktuellen wis\n-\nsenschaftlichen Kenntnisstand und entsprechend der medizinischen \nBehandlungsleitlinien erstellt.\nDas mobilo baut in Kooperation mit vielen onkologisch-t\u00e4tigen \nFach\u00e4rzten und Kliniken im Raum G\u00fctersloh eine onkologische Trai -\nningstherapie auf. F\u00fcr weitere Informationen beraten wir Sie gerne vor Ort. Vereinbaren Sie einen Beratungstermin kostenlos und unver\n-\nbindlich unter Telefon: 0 52 41 / 5 05 97 92.Sport bei Krebs? Die Wissenschaft sagt \u201eJa\u201c!\nDr. Sebastian M\u00e4ueler\nFriedrich-Ebert-Stra\u00dfe 6033330 G\u00fcterslohTelefon: 0 52 41 / 5 05 97 92E-mail: info@mobilo-med.dewww.mobilo-med.deDr. Sebastian M\u00e4uelerDie Onkologische Trainingstherapie (OTT)\nAusgefallen und Vom Fass  \n \nDips, leckere Nudeln, ausgefallene Weine, exklusiver Essig und  \nhervorragende \u00d6le als kleines Mitbringsel oder beeindruckender \nPr\u00e4sentkorb. Hier \uf0de ndes man immer das richtige kulinarische \nGeschenk.  \nGesehen bei Vom Fass, K\u00f6nigstra\u00dfe 12, G\u00fctersloh.\nAuch f\u00fcr ihn  \n \nDie Mischung machts - Kapuzen-Jacke aus 77 P rozent  \nBaumwolle,  kbA, 15 P rozent Hanf, 8 P rozent Schurwolle. \nGr\u00f6\u00dfe S bis XXL, 89 ,95 Euro  Gesehen auf www.maas-natur.de\nEndlich wieder da!  \n Die feinsten Lakrids-Sorten des Jahres: Wenn s\u00fc\u00dfes  \nLakritz mit einer Prise knusprigem Meersalz auf samtweiche belgische Schokolade triff t, ist das die \nCLASSIC-Variante. Die GOLD-Edition vereint die  \nS\u00fc\u00dfe wei\u00dfer Schokolade mit dem Geschmack frischer rosa Himbeeren. Der kleine Lakritzkern sorgt f\u00fcr eine gewisse Schwere, und der Goldstaub bringt  \nGlitzer in die dunklere Jahreszeit. Unbedingt probieren und genie\u00dfen!  Gesehen bei feine Dinge, Blessenst\u00e4tte 8, G\u00fctersloh | www.feinedinge-gt.deZum Wohlf\u00fchlen  \n \nUnd hier ein weiteres Out \uf0det zum Wohlf\u00fchlen \n von Frank Lyman: Jersey-Cardigan und  \n-Pulli mit Stretchhose in Lederoptik.  Gesehen bei Moden Ute L.,  Herzebrocker Stra\u00dfe 84, G\u00fctersloh\nFotos: Andres Sarda, Lakrids, Maas, Dietmar StarkeKarierter Hingucker  \n \nEin richtiger Hingucker ist der Walk-Kurzmantel aus reiner Schurwolle, nat\u00fcrlicher, warmer, wasserabweisender Walk. Mit Stehkragen, sch\u00f6nen Kn\u00f6pfen und zwei \naufgesetzten Taschen. 100 P rozent Schurwolle, Gr\u00f6\u00dfe 34 bis 46. Entdecken Sie jetzt \ndie neuen w\u00e4rmenden Jacken, kuscheligen Wollpullover, Strickjacken und \nwundersch\u00f6nen Kleider. Online oder o ffline im neuen Katalog \u2013  oder besuchen Sie  \nMaas-Natur in G\u00fctersloh, Werner-von-Siemens-Stra\u00dfe 2  \n Gesehen auf www.maas-natur.de\n540_GT_shoppt.qxp_Layout 1  27.09.21  16:48  Seite 2\nDesigned in \nBarcelona  \n \nZarter Sto ff: Modell Raven \nvon Andres Sarda, Ros\u00e9 \nMist, Vollschale mit B\u00fcgel.  \n Gesehen bei Luna, K\u00f6nigstra\u00dfe 32, G\u00fctersloh\nLieblingsst\u00fcck  \n \nBlack Mamba von Andres Sarda. \nTraumhafter Body als richtiger \nHingucker. \n \nGesehen bei Luna, K\u00f6nigstra\u00dfe 32,  \nG\u00fcterslohDer Herbst ist da  \n \nJa, es gibt sie: Kleidungsst\u00fccke, in denen  \nman sich sofort wohlf\u00fchlt, wie zum Beispiel  \nim Strickpullover, Longweste und Jeans \nvon Le Comte.  \n Gesehen bei Moden Ute L.,  \nHerzebrocker Stra\u00dfe 84, G\u00fctersloh\nFotos: Andres Sarda, Lakrids, Maas, Dietmar Starke\nFlauschig  \n \nSuper-softe mulesingfreie Merinowolle -  \nleicht und nat\u00fcrlich warm. Merino-Wickelstrick -\njacke in 3 Farben. Material: 100 P rozent  \nSchurwolle. Gr\u00f6\u00dfe 34-46, 109 ,95 EUR \n Gesehen auf www.maas-natur.deMerino Kapuzenpullover  \n \nGanz weiche Schurwolle in einer besonders sch\u00f6nen Qualit\u00e4t - \nnat\u00fcrlich mulesingfrei. Leichter und nat\u00fcrlich warmer Pullover mit \nKapuze. In drei Farben. 100 P rozent Schurwolle. Gr\u00f6\u00dfe S bis XXL \n \nGesehen auf www.maas-natur.de\nGT SHOPPT\n540_GT_shoppt.qxp_Layout 1  27.09.21  16:48  Seite 1\n63 62Anzeigen GT shoppt\n Anzeigen GT shoppt\n64 65Termin-T\u00dcV\nMusic is in da house!\nYEAH! Endlich! Wir k\u00f6nnen es ja kaum glauben \u2013 und damit meine ich nicht mich im majest\u00e4tischen Plural, sondern \nuns \u2013 all die musikbegeisterten Menschen, die sie so vermisst haben. Nach den langen Monaten verschlossener T\u00fcren kommt die Kultur, und damit auch die Musik \u2013 zur\u00fcck in Deutschlands Konzerts\u00e4le, Clubs, Theater und Hallen \n\u2013 und ja, auch in G\u00fctersloh finden wir erste Ans\u00e4tze daf\u00fcr. Mit anderen Worten: Wenn\u2019s so ist, lasst uns hingehen. \nDie Veranstalter haben\u2019s mehr als verdient.\nHier meine musikalischen \u201eIn-House\u201c-Oktober-Highlights. Wie immer voller Vorbehalte und subjektiver Eindr\u00fccke.\nAuch der B\u00fcrgerkiez scheint jetzt auf den Jazz ge -\nkommen. Dienstag, 5. Oktober, startet der neu instal -\nlierte Jazz Kiez mit Kompositionen der Gitarreng\u00f6tter \nGeorge Benson und Wes Montgomery. Und da bin ich \nmal gespannt. Ich erinnere mich gerne an die herrlichen \nPlatten-Rate-Abende mit jazzbegeisterten Freunden, um \ndas Spiel der beiden Jazzer auseinander halten zu k\u00f6n -\nnen. Und das kommt ja nicht von ungef\u00e4hr, hat doch der \nGeorge vom Wes das Zupfen in Perfektion gelernt.\nIn die Weberei l\u00e4dt jetzt Gitarrist Ansgar Specht den \nPianist Sebastian Altekamp, Michael W\u00e4chter am Kon -\ntrabass und Udo Schr\u00e4der ein, um das Publikum neben diesen herrlich popul\u00e4ren Jazzst\u00fccken auch mit Swing \nund reichlich BiBop zu verw\u00f6hnen. Ich bin gespannt, was \nuns das neue Format im Laufe der kommenden Monate \nso bietet. Jazz von Wes und GeorgeBeginnen wir mit dem Konzert, das wir schon zuvor er -\nw\u00e4hnten, in meinen Tipps aber unter keinen Umst\u00e4nden \nfehlen darf: Die Sazerac Swingers melden sich zur\u00fcck \nund erklimmen am Samstag, 2. Oktober, die B\u00fchne im \nkleinen Saal der Stadthalle. Ich selbst muss schon ganz \nweit im Gehirn graben, um mich an das erste Konzert der \nillustren Musikerriege um Bandleader Max zu erinnern. \nDas war vermutlich irgendwann Anfang des vergangenen \nJahrzehnts auf der Terrasse des damaligen Vinus\u2019 am \nKolbeplatz. Lang ist\u2019s her? Stimmt! Seitdem hat sich die \nBand immer wieder neu erfunden, bietet internationalen \nStars den passenden Rahmen, tourt quer durch Europa \nund stellt jetzt ihr neues, \u00fcberaus gelungenes Album \n\u201eStylin\u2019 And Profilin\u2019\u201c vor. Wie das klingt, kann man ja am 2. \nOktober live h\u00f6ren \u2013 und kaufen sowieso.Auf die Ohren, in die Beine\nKiez Jazz\nWeberei\nDienstag, 5. Oktober |  20 Uhr\nPlakat: Weberei\nThe Sazerac Swingers \u2013 \nAlbum Release Concert \nStadthalle G\u00fctersloh\nSamstag, 2. Oktober |  19:30 Uhr www.kultur-r\u00e4ume-gt.de\nwww.weberei.de \nFoto:  Sazerac SwingersCSchau\u2018nwir malAHingehen!\nUm ganz andere Kl\u00e4nge geht es bereits am Freitag, 1. \nOktober, 20 Uhr, in der Martin-Luther-Kirche. Markus \nStrothmann, ein Musiker mit G\u00fctersloher und irischen \nWurzeln, stellt hier seine Eigenkompositionen \u201eEmerald\u201c \nvor, die, so steht\u2019s im Programm, eine keltische Anmutung \nhaben. Und jetzt stelle ich mir diese Musik vor, wie sie \nvon einer tiefen Atmosph\u00e4re lebt, die an die raue Irische \nSee, massive Felsk\u00fcsten und weite Landschaften erinnert \n\u2013 und das alles versammelt sich  in einer Kirche. Klingt \nsch\u00f6n. Smaragdgr\u00fcn, eben. Unterst\u00fctzt wird Strothmann \nvon der irischen S\u00e4ngerin Suzanne Savage. Gitarrist Ju -\nlian Elsesser, Bassist Jonathan Ihlenfeld Cu\u00f1ado, Pianist \nGeorg Rox und Gabriel Coburger an Saxofon und Fl\u00f6te.Smaragdgr\u00fcne T\u00f6ne\nMe and Mr Cash\nTheater, Theatersaal\nSamstag, 23. Oktober |  19:30 Uhr\nSonntag, 24. Oktober |  19:30 Uhr\nMarkus Strothmann\u2019s Emerald \nMartin-Luther-Kirche\nFreitag, 1. Oktober |  20 Uhr www.ekgt.de\nwww.theater-gt.de \nFoto:  Martin StrothmannHingehen!\nI\nAls Kind fand ich den \u201ealten Mann\u201c schrecklich, wie er da so in der TV-Kulisse stand \u2013 mit hochgezogenen \nSchultern, die Gitarre direkt unter die Achsel gequetscht, \nganz in schwarz gekleidet und amerikanische Volks\n-\nlieder ins Mikrofon nuschelnd. Gef\u00fchlte 100 Jahre sp\u00e4ter habe ich geweint, als ich seinen letzten Song \u201eHurt\u201c zum \nersten mal h\u00f6rte und der bis heute zum Besten auf meiner \nPlaylist z\u00e4hlt. Dazwischen lag die Erkenntnis, dass dieser \nMann uns allen unvergessliche Songs bescherte, gemein\n-\nsam mit seiner Frau Hymen wie \u201eRing of Fire\u201c schuf und auch privat so einiges zu stemmen hatte. Jetzt kommen \ndie Songs dieses unvergleichlichen P\u00e4rchens direkt aus \ndem Country-Himmel hinein ins G\u00fctersloher Theater. Als \nUrauff\u00fchrung! \u201eMe and Mr Cash\u201c nennt sich derTheatera\n-\nbend mit Songs von Johnny und June Carter Cash.Mein Leben \nmit Johnny Cash\nFoto:  Regina Brocke\nF\u00fcr alle Inhouse-Konzerte gilt: Mit Blick auf \ndie Corona-Situation wird die Bestuhlung reduziert, so dass ausreichend Abst\u00e4nde \nzu den weiteren Konzertbesucherinnen und \n-besuchern gegeben sind. Weitere Infos direkt \u00fcber die Konzertveranstalter.BUnbedingt sehen!\nACH, DA WAR NOCH WAS!\nWir sehen, da geht endlich wieder was, in \nSachen Musik. Doch ein Wermutstropfen \nbleibt: Was fehlt, sind die Angebote f\u00fcr all die Menschen unter 30 Jahren. Wo bleibt eigentlich ihre vielf\u00e4ltige musikalische \nKultur in dieser Stadt? Auf der Strecke \nhoffentlich nicht! \nLiebe Konzertmacher: Haut auch f\u00fcr sie \nendlich wieder was raus!Autorin: Birgit Compin66 67\nPraxis Rheda-Wiedenbr\u00fcck  \nNeuer Wall 10 \u2022 33378 Rheda-Wiedenbr\u00fcck  \nTelefon: 05242 48858 \u2022 Email: info@kleintierpraxis-kruppke.de \nPraxis G\u00fctersloh  \nNeuenkirchener Str. 335 \u2022 33334 G\u00fctersloh \nTelefon: 05241 94410 \u2022 Email: info@kleintierpraxis-kruppke.de \nkleintierpraxis-kruppke.deMEERSCHWEINCHEN, \nHUNDE, KATZEN UND CO.: \nWIR SIND F\u00dcR SIE DA! \n \nOb gro\u00df oder klein, jung oder alt, ge\ufb01edert oder \nmit Fell: Wir sind f\u00fcr Sie da. Wir erm\u00f6glichen Ihnen  \nund unseren Patienten mit einer kompetenten \nBeratung, einer guten Vorsorge und im Krankheitsfall \n einer Therapie ein m\u00f6glichst sorgenfreies Leben. \nIhre Kleintierpraxis Stefanie Kruppke  \nTIER\u00c4RZTLICHE  \nPRAXIS F\u00dcR \nKLEINTIERE\nSTADTHALLE | RHEDA-WIEDENBR\u00dcCK\nKULTUR\nMILOW\nSINGER-SONGWRITER\n19\nNOV\n2021\nTel. 05242-9301-0\nwww.\u6600ora-westfalica.de540_Flora_Westfalica_Milow_90x132.qxp_Layout 1  22.09.21  21:34  Seite 1Kultur\nSein Leben geh\u00f6rt der Musik\nJ\u00fcngst feierte der weit \u00fcber G\u00fcterslohs Grenzen hinaus bekannte \nKirchenmusikdirektor Hermann Kreutz seinen 90. Geburtstag. \nAnl\u00e4sslich seines Geburtstages \u00f6ffnete sein \nSohn, Professor Peter Kreutz, das Fotoalbum \nund verriet: \u201eIch habe eine sehr enge Be -\nziehung zu meinem Vater gehabt, der mich \nimmer sehr gef\u00f6rdert hat.\u201c Hermann Kreutz \nlebt heute in einem Seniorenheim. Hermann \nKreutz studierte Kirchenmusik in Herford \nsowie Chorleitung in Detmold. 1957 wurde er \nKirchenmusiker der Evangelischen Kirchen -\ngemeinde G\u00fctersloh, wo seine damalige Verlobte und sp\u00e4tere Ehefrau Elisabeth \n(geborene Wellmer) bereits als Organistin \nund Chorleiterin besch\u00e4ftigt war. Hier sollte \ndie Stelle eines Chorleiters besetzt werden, \nda der amtierende Kirchenmusiker Eduard B\u00fcchsel sich fortan vor allem dem Orgelspiel \nwidmen wollte.\nDer Kirchenmusikdirektor, vor 90 Jahren am \n12. September in B\u00fcssow (Mark Brandenburg) \ngeboren, sollte wegweisend f\u00fcr die Chor\n-\narbeit in G\u00fctersloh werden und als langj\u00e4hri -\nger Bachchor-Leiter mit seinem besonderen Anspruch f\u00fcr Klangsch\u00f6nheit nachhaltig \nSpuren in G\u00fctersloh hinterlassen. Er machte \nden Chor zu einem der besten Ensembles \nweit \u00fcber die Region Ostwestfalen hinaus. \nMit der Gr\u00fcndung der Choralsingschule \nG\u00fctersloh und der Jugendkantorei G\u00fctersloh \nschuf er eine solide Basis der Nachwuchs\n-\nf\u00f6rderung.  Schwerpunkte der Chorarbeit bildeten au\u00dfer den klassischen Chorwerken \nvon Sch\u00fctz, Bach, Brahms unter anderem die \nErarbeitung neuer anspruchsvoller Chor\n-\nwerke von Hugo Distler, Johannes Driessler, Frank Martin und Francis Poulenc. Ab 1964 \nwurden die Rundfunkgesellschaften auf den \nBachchor aufmerksam, sowohl der WDR als auch NDR und SFB machten in der Folge zahlreiche Aufnahmen vor allem auch selten \naufgef\u00fchrter A-cappella-Werke verschie\n-\ndener Komponisten. 1959 wurde mit dem \nBachchor eine erste Single-Schallplatte \neingespielt, im Jahr 1968 die erste Langspiel -\nplatte mit Bachchor\u00e4len. Diese Aufnahme \nist bis heute als CD auf dem Markt erh\u00e4lt -\nlich. Zahlreiche Urauff\u00fchrungen von Werken des G\u00fctersloher Komponisten Carl Theodor \nH\u00fctterott sowie die erste Schallplattenein\n-\nspielung der Weihnachtsgeschichte von \nErnst Pepping sind weitere H\u00f6hepunkte der \nArbeit von KMD Hermann Kreutz. \nSeit 1970 gestaltete der Kirchenmusikdirektor \nmit dem Bachchor und dem WDR regel -\nm\u00e4\u00dfig Offene Singen, die im Rundfunk live \u00fcbertragen wurden. \u201eSingt mit uns\u201c hie\u00df die \nbeliebte Reihe. Konzertreisen f\u00fchrten den \nBachchor unter anderem nach Belgien, \nFrankreich und Polen. Auf dem internatio\n-Der 90-j\u00e4hrige Kirchenmusikdirektor Hermann Kreutz.\nFotos:  Archiv Professor Peter Kreutz\nnalen Chorfestival in Miedzyzdroje wurden \nihm zusammen mit weiteren Ch\u00f6ren unter \nLeitung von Hermann Kreutz mehrfach erste \nPreise zugesprochen. Seit dem Mauerbau \nfuhr Hermann Kreutz \u00fcber 30 Jahre mit dem \nBachchor regelm\u00e4\u00dfig \u00fcber die Pfingsttage \nnach Berlin. Unter Ausschluss der \u00d6ffent -\nlichkeit, am Rande der Legalit\u00e4t und unter \nabenteuerlichen Bedingungen wurde \u2013 \nzun\u00e4chst einzeln oder in kleinen Gruppen \n\u201eprivat\u201c - die Grenze \u00fcberschritten, um dort \nGottesdienste musikalisch mitzugestalten \nund durch die nicht legale Mitnahme von \nChornoten und anderen Materialien die \nkirchenmusikalische Arbeit in den Ostberliner \nGemeinden zu unterst\u00fctzen. In Westberlin \nwurden Konzerte in der Ged\u00e4chtniskirche \nund anderen Kirchen gegeben.\n1975 erhielt Hermann Kreutz den Ruf als \nDozent f\u00fcr Chorleitung an die damals zur \nHochschule f\u00fcr Musik Detmold geh\u00f6rende \nAbteilung in M\u00fcnster und gr\u00fcndete hier den \nKammerchor der Musikhochschule. 1990 \nmusste Hermann Kreutz aufgrund einer \nErkrankung nach mehr als 30 Jahren seine \nerfolgreiche T\u00e4tigkeit als Kirchenmusiker in \nG\u00fctersloh aufgeben. Seit seiner Genesung \nlebte er in M\u00fcnster und f\u00fchrte noch bis vor \nwenigen Jahren die Chorarbeit mit der \nB\u00fcndheimer Kantorei, dem Kammerchor \nund dem Chor der Volkshochschule M\u00fcnster \nerfolgreich weiter. F\u00fcr seine Verdienste f\u00fcr \ndie Chorarbeit und die V\u00f6lkerverst\u00e4ndigung \nwurde Hermann Kreutz 1997 mit der Ver -\ndienstmedaille der Stadt G\u00fctersloh sowie 2015 mit dem Bundesverdienstkreuz am \nBande geehrt.\nHermann Kreutz dirigiert.Offenes Singen an der Apostelkirche.\nSein Leben \nin Bildern unter \nwww.gt-info.deHermann Kreutz mit dem Knabenchor in den \n1960er-Jahren.Termin-T\u00dcV\nAm Ende wird es auch noch klassisch. Wer sie einmal erlebt hat, wird sie immer \nwieder gerne besuchen, die Konzerte der Westf\u00e4lischen Kammerphilharmonie \nG\u00fctersloh. Und weil auch ich zu den Fans dieses ganz besonderen Ensembles \ngeh\u00f6re, beende ich meine Tipps gerne mit dem Herbstkonzert, das wie immer \nunter der Leitung von Malte Steinsiek stattfindet. Zu h\u00f6ren gibt es italienische \nKompositionen von Gioachino Rossini und das Konzert f\u00fcr Fl\u00f6te und Orchester \nvon Saverio Mercadante. Den zweiten Teil des Konzertes bildet Ludwig van \nBeethovens ber\u00fchmtes 11. Streichquartett f-Moll op. 95 in der Bearbeitung f\u00fcr \nStreichorchester. Solist ist dieses Mal Gabriele Bertolini. Wie alle Solisten ist auch \nder in Trient geborene Italiener ein Eigengew\u00e4chs der Kammerphilharmonie.Ensemble der \nklassischen SuperlativeFoto:  Gabriele BertoliniHerbstkonzert der Westf\u00e4lischen \nKammerphilharmonie\nStadthalle G\u00fctersloh, gro\u00dfer Saal\nMontag, 4. Oktober |  20 Uhr www.kultur-r\u00e4ume-gt.de\nGNeues wagen!\u201eKreativit\u00e4t ist ein lustiges Ph\u00e4nomen, das oftmals komische Situationen \nbraucht, um zu entstehen\u201c, antworten Fynn und Philipp von The Picturebooks \nauf die Frage, wann und wie die erste Idee zu dem vorliegenden Megapro -\njekt entstand. \u201eDem Menschen war kalt, also erfand er Wege, um das Feuer \nzu kontrollieren. Und genau das ist die Essenz von Kreativit\u00e4t f\u00fcr uns.\u201c  \nNach jahrelangem Touren mit bis zu 200 Konzerten pro Jahr zwang sie die \nPandemie, ihre Koffer auszupacken und sich der neuen Situation zu stellen.DAS PICTUREBOOKS-\nKOLLEKTIV\nText: Birgit Compin \u00b7 Foto: Claus Grabke, Danny K\u00f6tterKultur\nDAS NEUE ALBUM\n68MUSIKVIDEO\ngtinfo_540.indd   68 28.09.21   16:27\u201eTypisch f\u00fcr uns ist, dass wir immer versuchen, das Beste aus allem \nrauszuholen. Nachdem wir merkten, dass wir super Songs habenund vor allem so viele, die wir alleine nicht fertig kriegen, kam die Idee, mal zu gucken, wer uns helfen k\u00f6nnte.\u201c Was folgte, war eine\nArt Schneeballe\ufb00  ekt, denn da hatten o\ufb00  ensichtlich eine Menge \nLeute Zeit. Herausgekommen ist das Album \u201eThe Picturebooks & The Major Minor Collective\u201c, das in einer international angelegten Kollabo-ration mit dem Who\u2018s Who der aktuellen Rock-, Alternative- und Metal-Szene entstand. Das Sch\u00f6ne daran: Jeder Gast konnte selbst \nentscheiden, an welchem Track er wie mitarbeiten wollte. Erschienen \nam 3. September, feierte die internationale Presse das au\u00dferordent-liche Ergebnis sofort ab. Cory Blose, Journalist und DJ des Londoner Radiosenders \u201eTotal Rock\u201c, nennt es \u201eein Produkt von unaufhaltsa-men Kr\u00e4ften, Pech, Gl\u00fcck, Zufall und purer Chance\u201c. \nZwischen Hundewelpen und Kindern   \n\u201eDer erste, der sich in die illustre Liste einreihte, war unser Freund \nRyan Sinn von The Distillers, der auf einigen St\u00fccken Bass spielt\u201c, erz\u00e4hlen Fynn und Philipp. Sobald das Reisen im Van 2020 wieder m\u00f6glich war, machten sich die beiden auf den Weg nach Schweden, \nwo sie mit Elin Larsson von Blues Pills den Gesang f\u00fcr \u201eToo Soft to\nLive and Too Hard to Die\u201c aufnahmen. Und es f\u00fchlte sich sogar ein bisschen wie Urlaub von der Pandemie an: \u201eIn Schweden war zu der Zeit keine Maskenp\ufb02  icht, und das machte die Sache irgendwiedoppelt crazy. Wir haben ein ganzes Wochenende bei Elin ver-bracht, zusammen gekocht, zwischen Hundewelpen und spielen-\nden Kindern den Text und die Melodie geschrieben \u2013 und mitten\nim Raum mit allen zusammen aufgenommen. Toll!\u201c\nTherapie aus Rock\u25a1n\u25a1Roll, Blues und Wahrheit   \nIn Umea in Nordschweden spielten sie mit Dennis Lyxzen von Refu-\nsed einen weiteren Track ein. Auf dem R\u00fcckweg trafen sie in einem Berliner Plattenladen auf Dave Dinsmore, Bassist von Brant Bjork, der sofort bereit war, f\u00fcr einen weiteren Song den Bass zu spielen. \nMit diesen Tracks im Kasten ging die Band eine Schritt weiter und \nklingelte bei einigen der gr\u00f6\u00dften Namen der Rock- und Metal-Szene an. Mit Erfolg: Chris Robertson von Black Stone Cherry, dessen gef\u00fchlvoller S\u00fcdstaatengesang auf \u201eCatch Me if You Can\u201c zu h\u00f6ren ist, sagte sp\u00e4ter: \u201eWas dabei herauskam, war eine therapeutische Sitzung mit Rock\u2018n\u2018Roll, Blues und einer ganzen Menge Wahrheit.\u201c \nF\u00fcr eine weitere Ikone der Szene, Lzzy Hale von Halestorm, f\u00fchlte sich \ndie Anfrage so an: \u201eDieses Projekt kam zu einem Zeitpunkt in mein Leben, als ich es wirklich brauchte. Das Schreiben dieser Texte war wie eine Stra\u00dfenkarte, die mich zu dem zur\u00fcckf\u00fchrt, was ich bin. Ich bin der Band so dankbar, dass sie mich in ihre Welt aufgenommen und mir die Freiheit gegeben haben, meine pers\u00f6nliche Reise der Wiederentdeckung meiner selbst auszudr\u00fccken.\u201c\nBerlin und Nashville auf einem Fleck   \nDoch nicht mit jedem konnten sie sich in den vergangenen Monaten \npers\u00f6nlich tre\ufb00  en. Wie auch?! Der Technik sei dank, fand die Arbeit trotzdem so manches mal gleichzeitig auf verschiedenen Kontinen-ten statt. \u201eEs f\u00fchlte sich tats\u00e4chlich an, gemeinsam in einem Raum zu stehen\u201c, sagt Fynn immer noch begeistert. Ein Gef\u00fchl, dass Lzzy Hale, mit der sie den Song \u201eRebel\u201d geschrieben hatten, genauso best\u00e4tigt. \u201eSelbst der Video-Dreh mit ihr f\u00fchlte sich so an, obwohl wir daf\u00fcr in Berlin waren und sie in Nashville, Tennessee.\u201c Und eigentlich war die Arbeit f\u00fcr all diese Musiker, die auf der Platte zu h\u00f6ren sind, genauso, wie sie sich in Zeiten der Pandemie f\u00fcr viele andere Menschen auch anf\u00fchlt: Man arbeitet und diskutiert in entspannter und proaktiver Stimmung in schier unz\u00e4hligen Zoom-Calls.\nMagischer Auftritt ...   \nUnd jetzt? W\u00e4hrend so mancher nach so einer produktiven Phase \nin ein kreatives Loch kullert, hauen diese Jungs noch einen raus. Zur gleichen Zeit, als das Album erschien, erklommen sie nach fast zwei b\u00fchnenfreien Jahren mit weiteren Bands die Stage beim Zig-Zag-\nFest in ihrer Heimatstadt. Und das war: \u201eEmotional!\u201c \u201eDiese Ver-\nanstaltung war magisch. Alle Musiker haben sich Backstage in die Arme genommen; wir konnten nicht glauben, das es real war, was da passierte.\u201c Selbst ihr Label war angereist um diesen Moment mit-zuerleben. \u201eDieser Abend hat uns aber auch gezeigt, dass diese Art von Kultur viel zu wenig in G\u00fctersloh gef\u00f6rdert wird, obwohl genug \nLeute da sind, die so einen Bock darauf haben\u201c, sag Fynn. \n... und endlich mehr davon   \nDoch das war noch nicht alles: \u201eIn meinem Jahrgang sind die meis-\nten Leute von hier abgehauen, weil sie diese Kulturw\u00fcste nicht mehr ausgehalten haben. Wir sind \u00fcberall auf Tour in dieser Welt und auch in St\u00e4dten gleicher Gr\u00f6\u00dfe oder noch kleiner \u2013 und da geht mehr. Das Sch\u00f6ne ist ja eigentlich, dass sie nicht so anonym sind wie die Metropolen. Wir m\u00fcssen also einen Weg \ufb01  nden, so was genau hier mehr zu f\u00f6rdern und den Kids zeigen, dass sie mit anpacken m\u00fcssen, um wirklich coole Sachen auf die Beine zu stellen.\u201c\nMAKE IT HAPPEN!   \n\u201eG\u00fctersloh, wir werden unser Leben lang zu dir zur\u00fcckkommen,nachdem wir ein Leben lang versucht haben, von dir weg zukommen. Es gibt nur das hier. Und jetzt, hier und jetzt kreieren wir unsere morgige Vergangenheit. Lasst uns versuchen, uns dement-sprechend zu verhalten und Verantwortung f\u00fcr unsere Taten zu tragen. Wir lieben euch! Bleibt gesund! Make it happen!\u201c\nALLE INFOS, TOURDATEN UND DAS NEUE ALBUM UNTER: THEPICTUREBOOKS.COM\n69\u201eThe Picturebooks sind live eine Urgewalt! Wie hier 2019 in Saint-Tro-\npez(o)  und London (u). Das muss man einfach gesehen haben. N\u00e4chste Gelegenheit dazu: 14. April 2022, Forum, Bielefeld. \ngtinfo_540.indd   69 28.09.21   16:2770The Sazerac Swingers sind wieder da! \nDie goldenen 20er-Jahre, The Roaring Twenties, The Jazz Age \u2013 vor genau 100 Jahren eroberte der Jazz von New Orleans aus die Tanzs\u00e4le der \nWelt. Doch sp\u00e4ter verkam er zwischen all den \naufkeimenden Musikgenres zur angestaubten Fu\u00dfnote. Mit dem fast schon missionarisch an-mutenden Credo, den Jazz zur\u00fcck ins pralle Leben zu holen, trat die G\u00fctersloher Band-formation 2018 an, dem Staub den Marsch zu \nblasen. \u201eWir machen den Jazz wieder popul\u00e4r \nund zeigen, dass er zum Feiern, Tanzen, Lachen und Weinen gemacht ist\u201c, sagten sie. Was folgte, ist Legende.\nErfrischend, anarchisch und frech\nIm Sturm eroberten The Sazerac Swingers ihre stetig wachsende Fangemeinde. Und w\u00e4h-rend ihr Album \u201ePut the Jazz Back in Jazz!\u201c die Fachleute aufhorchen lie\u00df, wurden die Konzerte der Sazerac Swingers zu einer Art rauschender Massenbewegung \u2013 die quer durch ganz Euro-pa tanzte. \u201eErfrischend, anarchisch und frech\u201c, bezeichneten internationale Fachjournalisten die Band und ihre Auftritte vor der feierw\u00fctigen Boh\u00e8me in Berlin, Hamburg oder Paris besiegeln den heute geltenden Sazerac-Standard: Der Jazz ist zur\u00fcck!Album der puren Ekstase\nWer denkt, dass das schon alles war, kennt die-\nse Band wohl doch noch nicht! Mit ihrem jetzt erscheinenden Album Stylin\u2019 And Pro\ufb01  lin\u2019 (IRMI Records, 2021) holen die Herrschaften nach an-gezogener Pandemie-Handbremse zum neuen Rundumschlag aus. \u201eThe Sazerac Swingers \nsetzen ihren Weg konsequent fort und sto\u00dfen \nden Geist der goldenen 1920er-Jahre hinein in die heutige Zeit. Kein Retro, kein Vintage, kein Revival\u201c, schreibt das Rhein-Main-Magazin und attestiert eine \u201ebeeindruckende Energie und Pr\u00e4senz\u201c. Nun, etwas anderes hat die riesige \nFangemeinde wohl auch nicht erwartet.\nEntstanden sind 90 Minuten pure Ekstase. Hier zeigt sich die Hausband des \u201eBerlin Burlesque Festival\u201c von ihrer besten Seite \u2013 glamour\u00f6s, swingend, ruchlos und geradlinig, von \u00fcber eskalierenden Party-Exzessen bis hin zu bitter-s\u00fc\u00df-tiefgr\u00fcndigen Balladen. \nLIVEKONZERT AM 2. OKTOBER\nMit ihrem ersten G\u00fctersloh-Konzert seit zwei Jahren starten The Sazerac Swingers am Sams-tag, 2. Oktober, ihre Stylin\u2019 And Pro\ufb01  lin\u2018-Tour. Das Sonderkonzert der Reihe \u201eJazz in G\u00fcters-loh\u201c steht also ganz im Zeichen des neuen Albums, doch kann man davon ausgehen, dass die bisherigen musikalischen Meilensteine der Band auch hier nicht fehlen werden.Raus aus der angestaubten Ecke antiquierter Jazzclubs \nund rein in den schwei\u00dftreibenden Jazz, der in den Ver-gn\u00fcgungsvierteln New Orleans\u2019 seinen Ursprung hatte.Die Legende ist zur\u00fcck\nFoto: Martin BarmanKultur\nTickets und Einlass\nTickets zum Preis von 25 Euro und 19 Euro erm\u00e4\u00dfigt \u00fcber das Service-Center von G\u00fctersloh \nMarketing und die Kultur R\u00e4ume, \nTheaterkasse. Die Veranstaltung ist teilbestuhlt (nur Galerie, sonst Stehtische) und die Kapazit\u00e4t auf 260 G\u00e4ste begrenzt. Einlass nur mit Nachweis einer vollst\u00e4n-\ndigen Impfung, Genesung oder \nPCR-Test. Kein Schnelltest!\nHier gibt\u2019s das Album\nDas Album erscheint bei IRMI, digitale Ver\u00f6\ufb00  entlichung: www.patreon.com/sazeracswingersDie \u201ePatreon\u201c-Seite der Band ver\u00f6\ufb00  entlicht am 2. Oktober 2021 eine auf 50 Exemplare limitierte Vorab-Au\ufb02  age als Doppel-CD.\nwww.sazeracswingers.com \u00b7  www.patreon.com/sazeracswingers \u00b7 E sazeracswingers \u00b7 Q @sazeracswingers \u00b7  info@sazeracswingers.com\ngtinfo_540.indd   70 28.09.21   16:2771\nWie entstanden die St\u00fccke auf dem neuen Album? In der aktuellen Ausgabe der \u201eJazzgeschichten\u201c nimmt Max die Album-Release der Sazerac Swingers zum Anlass, seinen neuen Song \u201eFive Chiefs\u201c vor-zustellen. Dieses St\u00fcck im Stile des aus New Orleans stammenden \n\u201eMardi Gras Indian\u201c Funk reiht sich in den Kanon bekannter Jazz-\nst\u00fccke in sogenannten ungeraden Taktarten ein. Max zeigt Euch im Video wie ihr bei Dave Brubecks Klassiker \u201eTake Five\u201c oder Donald Harrisons \u201eMamzelle Zizi\u201c mitdirigiert, und dass es ganz einfach und wundersch\u00f6n sein kann, Jazz zu genie\u00dfen und dabei bis f\u00fcnf oder gar elf zu z\u00e4hlen.Die Legende ist zur\u00fcck\nFoto: Martin Barman\nKaffee-Automaten\nvon Steinmeier\nLandhagen 1 | D-33803 Steinhagen | Telefon 05204 92555-0\nwww.steinmeier.gmbh537_Steinmeier_Kaffee_90x132.qxp_Layout 1  07.07.21  19:56  Seite 1\nSTADTHALLE | RHEDA-WIEDENBR\u00dcCK\nKULTUR\nBEATRICE\nEGLI\n22\nOKT\n2021\nTel. 05242-9301-0\nwww.\ufb02  ora-westfalica.de540_Flora_Westfalica_Egli_90x132.qxp_Layout 1  22.09.21  21:33  Seite 1\nFive Chiefs Funk\nMONATLICHES\nENTERTAINMENT\n\u201eMIT MAX\u201c\nIn unserer Video-Serie \u201eJazzgeschichten mit Max\u201c stellt \nBandleader Max Oesters\u00f6tebier Musik aus dem Repertoire seiner Band \u201eThe Sazerac Swingers\u201c vor und erz\u00e4hlt Anek-doten rund um die Songs und das swingin\u2019 Lebensgef\u00fchl. \nExklusiv nur in gt!nfo.Foto: Hampus Danielsson\nJazzgeschichten mit Max\nVERLOSUNG\nPassend zum Konzert verlost gt!nfo dreimal\ndas neue Album STYLIN\u2018 AND PROFILIN\u2019,\ndas als elegantes Media Book mit 2 CDs\nund 20-seitigem Booklet in einer auf nur\n250 Exemplare limitierten Au\ufb02  age erschienen ist.\nEinfach eine E-Mail mit \u201eSTYLIN\u2018 AND PROFILIN\u2019\u201c, Namen\nund Adresse des Einsenders*in an gewinnspiel@gt-info.desenden. Die Gewinner werden benachrichtigt.*\n*Teilnahmebedingungen: Teilnehmen kann jeder, ausgenommen die Mitarbeiter der Lokal-\nwerkstatt, deren Angeh\u00f6rige sowie die der teilnehmenden Firmen. Die Daten des oder der Gewinner*in werden ausschlie\u00dflich zu Legitimationszwecken benutzt und nach Ende der Aktion gel\u00f6scht. Bei mehr als drei Einsendungen entscheidet das Los. Der Rechtsweg ist ausgeschlos-sen. Durch die Teilnahme am Gewinnspiel erkl\u00e4ren Sie sich damit einverstanden.GEWINNE\nLIMITIERTES\nALBUMJazzgeschichten mit Max \u2013 exklusiv bei gt!nfo.\ngtinfo_540.indd   71 28.09.21   16:2872 73\n\u2022 Heizk osten verteiler\n\u2022 W\u00e4rmemeng enz\u00e4hler\n\u2022 Warm- und Kaltwasserz\u00e4hlerVertrieb und Monta geFIRST\nEner giemesspar tner GmbH\nFriedhofstr . 14 - 33330 G\u00fcter sloh\nFon:  0 52 41 | 99 73 437\nMail:  kontakt@\ufb01r st-gmbh.deIhr Ener giemess-P artner\nEner giemessung v on \nHeiz- und Nebenk osten\nBei uns haben Sie\neinen per s\u00f6nlic hen\nAnsprec hpar tner!\n   02523. 9226-0OESTERWIEMANN\nGmbH\nBeh\u00e4lter - und ApparatebauFachbetrieb \nnach WHG\nDieselstra\u00dfe 15\n59329 Wadersloh\u00d6ltankreinigung\n\u00d6ltank- Montage\n- Demontage\nTankschutzTankbeschichtungAuffangwannen\nnach WHG\nHeizungsbauStahl- und \nBeh\u00e4lterbauinfo@oesterwiemann.de\nwww.oesterwiemann.deFax: 02523. 2659OESTERWIEMANN\nGmbH\nBeh\u00e4lter - und ApparatebauFachbetrieb \nnach WHG\nDieselstra\u00dfe 15\n59329 Wadersloh\u00d6ltankreinigung\n\u00d6ltank- Montage\n- Demontage\nTankschutzTankbeschichtungAuffangwannen\nnach WHG\nHeizungsbauStahl- und \nBeh\u00e4lterbauinfo@oesterwiemann.de\nwww.oesterwiemann.deFax: 02523. 2659OESTERWIEMANN\nGmbH\nBeh\u00e4lter - und ApparatebauFachbetrieb \nnach WHG\nDieselstra\u00dfe 15\n59329 Wadersloh\u00d6ltankreinigung\n\u00d6ltank- Montage\n- Demontage\nTankschutzTankbeschichtungAuffangwannen\nnach WHG\nHeizungsbauStahl- und \nBeh\u00e4lterbauinfo@oesterwiemann.de\nwww.oesterwiemann.deFax: 02523. 2659\nInhaberin Carolin Bentlage | K\u00f6nigstra\u00dfe 32 | G\u00fctersloh | 052 41 24858  \nMontag bis Freitag  10.30 bis 18 Uhr | Samstag 10.30 bis 16 Uhr540_Luna_Image_90x63.qxp_Layout 1  27.09.21  15:39  Seite 1\nIhr Ansprechpartner f\u00fcr Ihre Immobilie!\nHAUSMEISTERSERVICE  \nUnterhalts- und Grundreinigung Hausmeisterservice M\u00fcllbereitschaftsdienst Bauservice | Winterdienst \n \n \nHAUSVERWALTUNG  Beratung, Kauf und Verkauf HausverwaltungInh. Gabriel G\u00fcven \nBussmannsweg 22 | 33334 G\u00fctersloh \nTelefon 05241 3384791 \nwww.rundumimmobilienservice.com\u2018\n\u2018540_Ruis_Image_90x63.qxp_Layout 1  27.09.21  10:28  Seite 1\nKaltschaum-Wende-Matratze ONE\nMehrzonen, eine feste Seite & eine 399,- \nweiche Seite, Bezug waschbar,  499,-\nideal f\u00fcr Kinder und Jugendliche\nKomfortschaum-Matratze BALANCE\n1 Seite fest, 1 Seite mi\ufffd  elfest,  499,-\n7-Zonen, Komforth\u00f6he 23 cm 699,-\nTaschenfederkern-Matratze RELAX7-Zonen, o\ufffd\ufffd  male Bel\u00fc\ufffd  ung, Bezug 799,-\nwaschbar bis 60\u00b0, 3 verschiedene H\u00e4rten\n\ufffdaunenbe\ufffd   Sibirien 299,-\n90 \ufffd \ufffdaune, 10 \ufffd Federn, \ufffdanz\ufffdahresbe\ufffd   399,-\n\u0017 Quali\ufb01  zierte Fachberatung\n\u0017 Familien-\ufffdnternehmen in 2\ufffd Genera\ufffd  on\n\u0017 Lieferung u\ufffd Entsorgung gra\ufffd  s\u0017 Gro\u00dfe Auswahl in\n     120/140 und 160 x 200 cm\n\u0017 Boxs\ufffdringbe\ufffd  -Kon\ufb01  gurator\nRheda-Wiedenbr\u00fcck\nFeldh\u00fcserweg 10,gegen\u00fcber Hit-MarktTel. 05242-34508G\u00fctersloh Lindenstra\u00dfe 3,\nEcke Carl-Bertelsmann-Stra\u00dfe,an der Bahnunterf\u00fchrungTel. 05241-1798300\nKIRMES-AKTION  % 25.09 \u2013 10.10.21  %\nNur199,- \u20ac MATRATZEN reduziert90 x 200 cm\n140 x 200 cm\nStandardma\u00dfe\n140 x 200 cm\nStandardma\u00dfe\n135 x 200 cm\n155 x 220 cmNur329,- \u20ac\nNur499,- \u20ac\nNur539,- \u20ac\nNur199,- \u20ac\nNur279,- \u20ac\nBeim Kauf einer Matratze 1x Kuschelkissen 40 x 40 gra\ufffd  sNur279,- \u20ac\nDer Blues kehrt zur\u00fcck\nRoland Schal & Band \u2013 feat. Wolfgang Roggenkamp\nEr ist der begnadete Gitarrist und Saxopho -\nnist der SmALLstars: Roland Schal, dessen \nAlbum \u201eFinally\u201c kurz vor der Pandemie die \nFans mit \u00fcberraschender, stilistischer Breite \n\u00fcberzeugte. Jetzt endlich betritt der 1956 \ngeborene Blues-Gitarrist und Komponist mit \neinem \u00e4u\u00dferst facettenreichen Konzert wie -\nder die Weberei-B\u00fchne. Roland Schal ist im Herzen ein Blues-Mann. Gitarre, Saxophon, \nKeyboards \u2013 seit seinem 11. Lebensjahr ist \nMusik sein Lebenselixir. Die erste Band gr\u00fcn\n-\ndete er 1969 und spielte sp\u00e4ter mit George Kochbeck, Achim Meier oder Steve Hagger\n-ty. Was ihn so au\u00dfergew\u00f6hnlich macht \u2013 Der G\u00fctersloher entlockt seiner Gitarre einen \nunverwechselbaren Klang. Er spielt nicht auf \nTeufel komm raus, sondern extrem sauber, \nruhig, authentisch. Und mit Seele. Was will \nman mehr?\nNeben neuen Songs wie \u201eHybrid\u201c spielt Schal \nKompostionen aus seiner hochgelobten CD. \nWer jetzt die x-te Reproduktion bekannter \nBlues-Muster von R&B-Helden wie Eric Clap\n-\nton, Jimi Hendrix und Johnny Winter erwartet, \nerh\u00e4lt stattdessen Schal-Kompositionen, die Er spielt nicht auf \nTeufel komm raus, sondern extrem sauber, ruhig, au\n-\nthentisch und mit ganz viel Seele: Der G\u00fctersloher Musiker Roland Schal ist endlich wieder live in der Weberei zu er\n-\nleben.Foto:  Ingo Sommer\nSamstag, 2. Oktober, 19:30 Uhr \nMartin Quilitz \u2013 Das geheime Leben der Westfalen\nDienstag, 5. Oktober, 20 Uhr  \nKiez-JazzSamstag, 9 . Oktober, 16:30 Uhr \nKinder-Yoga\nFreitag, 15. Oktober, 19:30 Uhr \nBingo\nDienstag, 19 . Oktober, 19 Uhr\nU20 Slam\nSamstag, 23. Oktober, 19:30 Uhr  \nLutz Ermshaus \u2013 Comedy \nund Kabarett\nDienstag, 26. Oktober, 19:30 Uhr \nFalk \u2013 Comedy und KabarettWeitere Weberei-Highlights im Oktober Kultur\nROLAND SCHAL & BAND \u2013 FEAT. WOLFGANG ROGGENKAMP\nWeberei\nDienstag. 19 . Oktober | Einlass: 19:30 Uhr | Beginn: 20 Uhr\nKarten 10 Euro VK | Abendkasse 14 Eurowww.weberei.de\ndurch eine ganz eigene und abwechslungs -\nreiche Handschrift \u00fcberzeugen. In Erinne -\nrung an B. B. King und inspiriert durch Kenny \nBurrell, reicht sein Repertoire vom Shuffle \n\u00fcber funky Grooves und lateinamerikani -\nschen Kl\u00e4ngen bis hin zur Jazz-Ballade. \nSo wie das wunderbare \u201eLove\u201c, \u201eRoland\u2019s \nShuffle\u201c oder \u201eFunky Thang\u201c. Unterst\u00fctzt wird \ndas Gitarrenspiel von Roland Schal von vier \nMusikern: Marten Alex an der Gitarre, Udo \nKotulla am Bass, J\u00fcrgen Kersten an den \nDrums und der in der Jazz- und Bluesszene \ngefragte Musiker Wolfgang Roggenkamp an \nder Hammond B-3.\nDas geheime Leben \nder Westfalen\nIm September 1985 hatte Martin Quilitz seine erste \u201eQui-Show\u201c in der \nAlten Weberei. Zum 30-j\u00e4hrigen Jubil\u00e4um gab es eine Neuauflage \nmit Kaff & Kosmos, die seitdem viermal Jahr l\u00e4uft, zumindest wenn \nMenschen ins Theater d\u00fcrfen. Die erste Liveshow seit einem Jahr am \n18. September hat gezeigt, wie ausged\u00fcrstet das Publikum war. Die \nbew\u00e4hrte Mischung aus Comedy, Musik und Artistik wurde frenetisch \ngefeiert, Standing Ovations und das, wo man in G\u00fctersloh eigentlich \nnur aufsteht, wenn man gehen m\u00f6chte. In der Premiere seines Solo -\nprogramms \u201eDas geheime Leben der Westfalen\u201c besch\u00e4ftigt sich der in Potsdam lebende Moderator und Kabarettist mit seinen Wurzeln.\nDer geb\u00fcrtige Rietberger ist regelm\u00e4\u00dfig in der alten Heimat und wird \ndabei immer wieder an die Vorz\u00fcge der orts\u00fcblichen Mentalit\u00e4t erinnert.\nAls Ostwestfale h\u00e4lt er sich f\u00fcr besonders krisenfest. Lockdown, Qua\n-\nrant\u00e4ne, Sicherheitsabstand? \u2013 f\u00fcr ihn kein Problem. Das alles wird nicht \nnur ohne Jammern, sondern mit einer klammheimlichen Genugtuung \nmitgemacht. Diese F\u00e4higkeit zur Gelassenheit ist dem Westfalen ge -\ngeben durch sein nat\u00fcrliches Desinteresse am Mitmenschen. Wer schon \n\u00fcberrascht war, dass B\u00e4ume ein geheimes Sozialleben haben, den wird \nverbl\u00fcffen, dass sogar Westfalen ein unterirdisches soziales Netzwerk \nhaben. Martin Quilitz zeigt uns, \u00fcber welch erstaunliche F\u00e4higkeiten \ndieses V\u00f6lkchen verf\u00fcgt, das schon den R\u00f6mern im Teutoburger Wald \nihre Grenzen aufzeigte, f\u00fcr das neben Fu\u00dfball und Currywurst, Karneval \nund Sch\u00fctzenfest zur Folklore geh\u00f6ren. Dabei beleuchtet er die Klischees \u00fcber uns und unsere rheinischen Nachbarn ebenso wie die Ver\u00e4nderungen durch die Globali\n-\nsierung in der heimischen Weltgewandheit. Er deckt die west -\nf\u00e4lischen Wurzeln amerikanischer Countrysongs auf, beschreibt \nAbenteuer in der sauerl\u00e4ndischen Wildnis und schildert seinen \nWeg als westf\u00e4lischer Vegetarier, ein Widerspruch in sich, von \nG\u00fctersloh \u00fcber Berlin in die weite Welt, wo er sich sofort heimisch \nf\u00fchlt, als eine junge Frau ihn fragt: \u201eWo bist Du denn wech?\u201c\nEine kom\u00f6diantische V\u00f6lkerkunde f\u00fcr Westfalen und solche, die es \nnoch werden wollen.Samstag. 2. Oktober | 19:30 Uhr | Weberei\nTickets: https://die-weberei.wlec.ag/martin-quilitz-\ndas-geheime-leben-der-westfalen-tickets-471.htmKultur74 75\nHaben Sie nach der Beratung des behandelnden \nKieferorthop\u00e4den ein schlechtes Gef\u00fchl?  \nDie Behandlungskosten sind unverh\u00e4ltnism\u00e4\u00dfig hoch? \nDie Behandlungsdauer erscheint \u00fcbertrieben lang?  \nOder sollen wom\u00f6glich gesunde Z\u00e4hne gezogen werden? Sind Sie verunsichert? \n Wenn Sie nur eine dieser Fragen mit Ja beantworten ,  \nist es Zeit f\u00fcr eine zweite Meinung.  \n Wir legen Wert auf ein sch\u00f6nes L\u00e4cheln und einen gesunden Kiefer.  \nUnter zweitemeinung-kfo.de erfahren Sie mehr.Eine zweite Meinung \nist viel wert.\n\u00a9 Grafik Samuel Cerqueira da RochaKultur\nEnergieb\u00fcndel mit \ntoller Stimme\nSchlagerstar Beatrice Egli macht den Auf -\ntakt. Die erfolgreiche und sympathische \nS\u00e4ngerin wird gemeinsam mit ihrer Band am \nFreitag 22. Oktober, das erste gro\u00dfe Konzert \nin der neuen Stadthalle Rheda-Wieden -\nbr\u00fcck geben. Beginn ist um 20 Uhr.\nDas blonde Energieb\u00fcndel mit der tollen \nStimme schwimmt zurzeit auf einer Erfolgs -\nwelle. \u201eIch danke euch von ganzem Herzen f\u00fcr euren Zuspruch, euren Support und eure \nLiebe zu meiner Musik!\u201c Mit diesen Worten \nbedankt sich Schlagerstar Beatrice Egli bei \nihren Fans. Mit ihrem neuen Album \u201eAlles, \nwas du brauchst\u201c ist die S\u00e4ngerin aktuell auf \nPlatz 1 der Deutschen Album-Charts - zum \nersten Mal in ihrer Karriere.Wenn Beatrice Egli strahlend \u00fcber die B\u00fchne wirbelt und ihre Lieder singt, zieht sie das \nPublikum von der ersten Minute an in ihren \nBann und sorgt f\u00fcr unvergessliche Stunden. \nMit ihrer Musik erreicht sie die Menschen. \nIhren gro\u00dfen Durchbruch erlangte Beatrice \nEgli 2013 durch ihren Sieg in der Casting\n-\nshow \u201eDeutschland sucht den Superstar\u201c. \nSeitdem hat die vielfach Gold- und Pla -\ntin-gekr\u00f6nte Echo-Preistr\u00e4gerin allein acht Studienalben ver\u00f6ffentlicht.\nBeatrice Egli live! Eintrittskarten zu 44,85 \nEuro gibt es bei der Flora Westfalica \nunter Telefon: 0 52 41 / 93 01-0 oder im Ti\n-\ncket-Shop unter www.flora-westfalica.de  \nEintritt haben Geimpfte, Genesene sowie \nGetestete, allerdings ist in diesem Fall ein \nPCR-Test n\u00f6tig.\nMilow kommt\nTolle Melodien und Texte, eine charismatische Stimme und einfallsreiche Arrangements \u2013 der belgische Sin\n-\nger-Songwriter Milow geh\u00f6rt seit Jahren zu den erfolg -\nreichen Popstars.  Freitag, 19 . November, performt er die gr\u00f6\u00dften Hits seiner Karriere in der Stadthalle Rheda-Wie\n-\ndenbr\u00fcck. Beginn ist um 20 Uhr.\nMilows Lieder bleiben direkt im Ohr. Seine sanfte, unver -\nwechselbare Stimme, seine Akustikgitarre und seine un -\nglaublich eing\u00e4ngigen Songs machen ihn einzigartig. \nSeit rund 15 Jahren laufen seine Titel im Radio rauf und \nrunter. Die Corona-Zeit hat Milow kreativ genutzt. Seine \naktuellen Lieder wie \u201eWhatever it takes\u201c und \u201eFirst day \nof my life\u201c geh\u00f6ren zu den Sommerhits des Jahres und \nzeigen seine musikalische Besonderheit. Kaum jemand \nschafft es derart gekonnt, hochpers\u00f6nliche Themen in \nuniverselle Hymnen zu ver -\nwandeln wie er. \nEintrittskarten zu 42,95 Euro \ngibt es bei der Flora Westfali -\nca unter Telefon 05242 9301-0 oder im Ticket-Shop unter \nwww.flora-westfalica.deBeatrice Egli macht den Auftakt \nin der neuen Stadthalle Rheda- Wiedenbr\u00fcck.\nMilow, belgischer Popstar \nkommt in die Stadthalle nach \nRheda-Wiedenbr\u00fcck.\nFoto: Kevin Zacher Foto:  Christoph K\u00f6stlin\nHaben Sie nach der Beratung des behandelnden \nKieferorthop\u00e4den ein schlechtes Gef\u00fchl?  \nDie Behandlungskosten sind unverh\u00e4ltnism\u00e4\u00dfig hoch? \nDie Behandlungsdauer erscheint \u00fcbertrieben lang?  \nOder sollen wom\u00f6glich gesunde Z\u00e4hne gezogen werden? Sind Sie verunsichert? \n Wenn Sie nur eine dieser Fragen mit Ja beantworten ,  \nist es Zeit f\u00fcr eine zweite Meinung.  \n Wir legen Wert auf ein sch\u00f6nes L\u00e4cheln und einen gesunden Kiefer.  \nUnter zweitemeinung-kfo.de erfahren Sie mehr.Eine zweite Meinung \nist viel wert.\n\u00a9 Grafik Samuel Cerqueira da Rocha76 77\nKultur\n\u201eDanke f\u00fcr die Einladung!\u201c\nNach Monaten Pandemie bedingter Auszeit h\u00e4lt Frau Jahnke \nwieder Hof und gastiert am 14. Oktober, 20 Uhr, in der \nG\u00fctersloher Stadthalle. \u201eFrau Jahnke hat eingeladen\u201c \nnennt sie ihr neues Programm, das sie auch als Frauen -\nkabarett bezeichnet. Und was hei\u00dft das genau? \nWir haken nach.\nFrau Jahnke, sind Sie Feministin?\n\u201eWenn man einmal ganz schlimm Feminismus hatte, geht das nie wieder weg. Ich \nkomm\u2019 sehr gut damit zurecht.\u201c\nWas macht ein Frauenkabarett?\n\u201eEs ist zehn Jahre her, dass wir in einer Nischensendung im WDR angefangen haben, ausschlie\u00dflich weibliche Kabarettistinnen einzuladen. Niemand erwartete seinerzeit \nein langes Haltbarkeitsdatum, frei nach dem g\u00e4ngigen Vorurteil: Es gibt ja keine guten \nFrauen! Dar\u00fcber m\u00fcssen wir heute nicht mehr reden. Wir sind in der ARD und behaup\n-\nten uns elegant und leichtf\u00fc\u00dfig neben all dem M\u00e4nnerkabarett. Wir sind auch \nnicht in Konkurrenz. Wir machen unseren Job \u2013 in Kabarett, Comedy, \nSlapstick und Poetry. Wir sind witzig, b\u00f6se, moralisch oder absurd, \nwir k\u00f6nnen singen oder eher nicht, und meistens sind wir sch\u00f6n!\u201c\nKulturr\u00e4ume Highlights im OktoberFoto:  Harald HoffmannInfos und Karten   \nServiceCenter  GTM, 05241 21136-36 \nund unter kultur-r\u00e4ume-gt.de\njew. 20 uhr\neine Zusammenarbeit von:\nKultur r\u00e4ume G\u00fctersloh und KulturB\u00fcro-o WL\n2021/22\nG\u00fctersloh\n28.10.21  Christine Prayon: \nAbschiedstour \n11.11.21  a ndreas r ebers:  \nIch helfe gern  \n25.11.21  Bruno \u201eG\u00fcnna\u201c Knust:  \nKlare Kante \n16.12.21  s torno 2021 \u2013  \ndie abrechnung: \nDer kabarettistische Jahresr\u00fcckblick mit  \nThomas Philipzen,  Funke & R\u00fcther \n17.12.21  G\u00f6tz a lsmann:  \nL.I.E.B.E. \n06.01.22  s arah Bosetti:  \nIch hab nichts gegen Frauen, du Schlampe! \u2013 Mit Liebe gegen Hasskommentare\n13.01.22  \n Wilfried schmickler:  \nEs h\u00f6rt nicht auf\nVorschau 2022:\nGlasBlassing, Matthias r euter,  \ndagmar sch\u00f6nleber, Mathias richling, \nLisa eckhart, stefan Waghubinger,  \nJ\u00fcrgen Becker\n\u00c4nderungen vorbehalten.sonder-\nveranstaltung\nSch\u00f6ner Langer DonnerStag\nKabarett,  Kleinkunst und Konzerte\nSchLaDo wird \npr\u00e4sentiert von:\nKulturpartnerDie Hochzeit des Figaro\nOper von Wolfgang Amadeus MozartFreitag, 1. Oktober, 19:30 Uhr, Theater, Theatersaal\nCanti di Colore - Farbenlieder\nMusik zu Gem\u00e4lden von Hans Werner HenzeSonntag, 3. Oktober, 11:30 Uhr, Theater, Skylobby\nAnne-Marie die Sch\u00f6nheit\nSchauspiel von Yasmina Reza, Deutsche Erstauff\u00fchrungMittwoch, 6. Oktober, 19:30 Uhr, Theater, Theatersaal\nKindermusikfestivalRandale, 3Berlin, Suli Puschban und Kiri Rakete, ab 6 Jahre Donnerstag, 7 . Oktober, 11 Uhr und 16 UhrTheater, Theatersaal\nSwing\u2018in Sky: Zucchini Sistaz\nSwing und Entertainment der 20er- bis 50er-Jahre.Verlegt vom 18. M\u00e4rz 2020 und 9 . Dezember 2020.Donnerstag, 7 . Oktober, 20 Uhr, Theater, Skylobby\nMe and Mr Cash\nUrauff\u00fchrung, Theaterabend mit Songs von Johnny und June Carter CashSamstag, 23. Okt., 19:30 Uhr, Sonntag, 24. Okt., 19:30 Uhr Theater, Theatersaal\nHeide Sommer: Lassen Sie mich mal machen\nLesung und Talk mit Heide Sommer, Talk-Moderation: Thorsten Wagner-ConertMontag, 25. Oktober, 19 Uhr, Theater, Skylobby\nSchLaDo: Christine Prayon, Abschiedstour\nDonnerstag, 28. Oktober, 20 Uhr, Stadthalle, Kleiner SaalGibt es einen Unterschied zwischen weiblichem und \nm\u00e4nnlichem Humor?\n\u201eBei den Themen gibt es eigentlich keinen Unterschied mehr. Inzwischen haben auch die M\u00e4nner gemerkt, \ndass die Alltagsthemen sehr wichtig und witzig sind. \nEs gibt Unterschiede in der Rezeption: Frauen lachen \nsolidarischer, sind leichter anzustecken. M\u00e4nner wollen \n\u00fcberzeugt werden, bevor sie sich am\u00fcsieren.\u201c\nHaben Sie Lieblingsm\u00e4nner im Kabarett?\n\u201eSchmickler, Schramm, immer schon Knebel, oft Str\u00e4ther, oft Tobias Mann. Die Jungs von der Anstalt. \nUnd andere.\u201c\nIhre Lieblingsfrauen?\n\u201eHallo?\u201c\nWas kann und was darf Humor, und wo ist die Grenze, \nwenn es eine gibt? \n\u201eDas ist sehr schwierig geworden, seit der gute Ge\n-\nschmack von quotenorientierten Sendern st\u00e4ndig neu definiert wird. Das Gef\u00fchl f\u00fcr Humor als Qualit\u00e4t bleibt \neher der K\u00fcnstlerin selbst \u00fcberlassen. Dabei kann Humor \neine Lebensqualit\u00e4t sein. Das kann ein Gag nicht.\u201c\nUnd wer sitzt heute im Publikum? Ausschlie\u00dflich Frauen? \n\u201eInzwischen kommen eine Menge M\u00e4nner zu unseren Damenshows. Freiwillig! Besser geht\u2018s nicht.\u201c\nFRAU JAHNKE HAT EINGELADEN\nStadthalle, Gro\u00dfer Saal\nDonnerstag, 14. Oktober | 20 Uhr\n Kulturr\u00e4ume\nfotolia \u00a9 dr ubig\u00adphoto\n  Auch Online-Coaching!  Nachhilfe ab 10 Euro!JANINA HELFBERND \n \nDiplomierte Legasthenie\u00ad  \n& Dyskalkulietrainerin  \nZerti\ufb01zierter Kinder\u00ad &  \nJugendcoach | Tanztrainerin  \n \nBuschstra\u00dfe 6 | 33332 G\u00fctersloh  \nTelefon 05241 7081263  \ninfo@muehelos.de  \nwww.muehelos.deCOACHING & LERNF\u00d6RDERUNG\nm\u00fchelosWENN IN DER SCHULE \nIRGENDWAS SCHIEFL\u00c4UFT.Anzeige_105x103,5.qxp_Layout 1  20.08.21  00:10  Seite 178 79\nKultur\nVeras gute Seiten\nWie l\u00e4sst sich der Anteil von Kultur in Literatur noch steigern? Indem sich die Autorinnen \nund Autoren auch thematisch allen Facetten widmen, von Kino \u00fcber Kunst bis hin zu \nGef\u00fchlen, denn Kultur ist in unser aller Alltag unumg\u00e4nglich und unverzichtbar.\nZur Person\nVera Corsmeyer pr\u00e4sentiert im gt!nfo monatlich ihre Favoriten. Vera hat das h\u00f6chste Lesepensum der \nBuchhandlung Markus und vermutlich der westlichen Hemisph\u00e4re. Sie glaubt unbeirrt an die Zukunft der \nBuch-Branche und des (gedruckten) Buches. Lukas Rietzschel \u2013 Raumfahrer \nHans-Georg Kern \u2013 uns allen wahr -\nscheinlich eher bekannt als einer der wichtigsten deutschen Gegen\n-\nwartsk\u00fcnstler: Georg Baselitz. Doch was verbindet seine Familie mit der \nvon Jan, einem jungen Mann in der \ns\u00e4chsischen Provinz der Gegenwart?  \nDieser wohnt mit seinem Vater in der \nEinfamilienhaussiedlung am Stadt\n-\nrand. Zu den Ruinen der DDR gesellt sich hier der Leerstand der Gegen\n-\nwart. Als ein Unbekannter Jan mit ei -\nner Box voller Dokumente und so der Frage nach seinen Eltern konfrontiert, \nbrechen auf allen Seiten Mauern auf. \nAusgehend von einer solchen von \nG\u00fcnter Kern erhaltenen Sammlung, \nzeichnet Rietzschel behutsam und \nvoller Empathie das Bild gro\u00dfer ge\n-\nsellschaftlicher und politischer Um -\nbr\u00fcche - und von Wunden, die auch \n\u00fcber Generationen nicht heilen. Eine \nliterarische Auseinandersetzung mit \nErinnerung, Kunst und dem \u201eDanach\u201c \nin einem luftleeren Raum.Alice Brauner \u2013 \u201eAlso dann in Berlin\u201c\nGro\u00df geworden ist Alice Brauner \nzwischen Kameras, Filmgr\u00f6\u00dfen und \nKulissen und schreibt nun den Weg ihrer Eltern konsequent fort. 1946 \nvon ihrem Vater Artur \u201eAtze\u201c Brauner \ngegr\u00fcndet, leitet sie heute dessen \nProduktionsfirma, die CCC Filmkunst. \nIn ihrem ersten Buch erz\u00e4hlt sie die \nGeschichte ihrer au\u00dfergew\u00f6hn\n-\nlichen Eltern. Die studierte Histori -\nkerin verfolgt seine Wege von der \nKindheit \u00fcber die Flucht w\u00e4hrend des \nzweiten Weltkriegs und die Ankunft \nin Deutschland. Nur drei Jahre sp\u00e4ter \ngr\u00fcndet Brauner seine Produktions -\nfirma und holt gemeinsam \u201emit der \nbesten Ehefrau\u201c der Welt Hollywood \nnach Deutschland. Von Fritz Lang bis \nRomy Schneider, der Traum vom Kino \nwurde in der Familie Brauner gelebt. \nDoch auch seine Familiengeschichte \nund der Holocaust bleiben von der \nersten bis zur letzten Klappe das \nLeitmotiv. Cynthia d\u2019Aprix Sweeney \u2013 \nUnter Freunden\nDie sch\u00f6nsten Geheimnisse gibt es \ndoch \u201eunter Freunden\u201c: Vier Men -\nschen, zwei gl\u00fcckliche Beziehungen, jahrelange Freundschaft \u2013 ein inzwi\n-\nschen scheinbar perfektes Leben. Bis der Fund eines verlorenen geglaub\n-\nten Rings nicht nur eine Beziehung zu beenden droht. Nachdem Cynthia \nd\u2018Aprix Sweeney in ihrem Deb\u00fctro\n-\nman mit Einblicken in die Abgr\u00fcnde \nvon Familie und dem leidigen Thema \nGeld begeisterte, begibt sie sich nun \nins Schauspielmilieu zwischen New \nYork und Los Angeles. So verschie -\nden wie die St\u00e4dte, sind auch die \nProtagonist:innen und zugleich immer \nwieder verbunden in der Komplexit\u00e4t \nvon Erwartungen und Entscheidun -\ngen. Mit wachem Blick und hinter -\ngr\u00fcndigem Humor wirft sie einen ehrlichen Blick hinter die Masken und \nFassaden lebenslanger Beziehungen \nohne je deren Macht und Intensit\u00e4t \nzu verkennen. Foto:  Detlef G\u00fcthenkeEdmund de Waal \u2013 Camondo\nBriefe an einen toten Sammler sind \nder Rahmen f\u00fcr Edmund de Waals \nSpurensuche in der Geschichte zwei -\ner weit verzweigter Familien. Nicht nur die Rue de Monceau verbindet \nseine aus Odessa stammenden Vor\n-\nfahren der Familie Ephrussis, deren \nWege er bereits in \u201eDer Hase mit den \nBernsteinaugen\u201c verfolgte, mit den \naus Konstantinopel stammenden \nCamondos. In deren Palais findet sich \nbis heute ein Museum, das der j\u00fcdi -\nsche Bankier nach dem Tod seines Sohnes im ersten Weltkrieg der Stadt \nParis stiftet. De Waal portr\u00e4tiert so \nnicht nur einen gro\u00dfen Kunstf\u00f6rderer, \nsondern lotet auch die Tragweite \nvon Erbe, Erinnerung und Familie aus. \nDiese, auch herstellerisch aufwendig \nausgestattete, pers\u00f6nliche Korres- \npondenz zeigt, dass Geschichte \nniemals nur Vergangenheit ist.  \nHanser\n | aus dem Englischen von  \nBrigitte Hilzensauer\n192 Seiten |  26 Euro\nS. Fischer\n336 Seiten |  22 EuroHanser Berlin\n160 Seiten |  20 EuroDaniel Schreiber \u2013 Allein Die Kulturtechnik des zwischen\n-\nmenschlichen Austauschs lernen Kinder bereits in der ersten Lebens\n-\nphase, auch unter Erwachsenen gilt ein reges Sozialleben als erstrebens\n-\nwert. Allein und gl\u00fccklich? F\u00fcr viele ein Widerspruch in sich, dabei leben \nbereits 40 Prozent der Menschen in \nDeutschland allein. So auch Daniel \nSchreiber, der sich in seinem neusten \nEssayband mit Einsamkeit befasst \nund die Frage zu beantworten ver\n-\nsucht, warum sie bis heute oft als \nScheitern gilt. Ausgehend von seinen \npers\u00f6nlichen Erfahrungen, l\u00e4sst er \nsoziologisch wie philosophische \nKonzepte einflie\u00dfen und versucht so \ndie Abwehrmechanismen, die an der \nAuseinandersetzung mit dem Allein -\nsein, hindern aufzubrechen. Zwischen N\u00e4he und Distanz, R\u00fcckzug und Ge\n-\nmeinschaft, gibt Schreiber Denkan -\nst\u00f6\u00dfe f\u00fcr die gesellschaftliche Frage, \nwie wir leben wollen.\nJonathan Coe \u2013 Mr Wilder und ich\nDurch einen Zufall lernt die junge Griechin Calista auf einer Amerika\n-\nreise den ber\u00fchmten Regisseur Billy \nWilder kennen, der sie w\u00e4hrend der \nDreharbeiten zu \u201eFedora\u201c - einem \nsp\u00e4ten Film mit Hildegard Knef und \nMarthe Keller - als Dolmetscherin \neinsetzt. Sie taucht ein in einen un -\nbekannten, tr\u00e4umerischen Kosmos, der f\u00fcr den Sch\u00f6pfer von Filmklas\n-\nsikern wie \u201eManche m\u00f6gen\u2019s hei\u00df\u201c voller Abgr\u00fcnde ist. Von Amerika \u00fcber \nkleine griechische Inseln, London \nbis M\u00fcnchen - von gro\u00dfen Erfolgen, \nlebenslangen Erfahrungen, gro\u00dfen \nGef\u00fchlen und historischen Pr\u00e4gungen \nerz\u00e4hlt Jonathan Coe in dieser klu\n-\ngen Doku-Fiktion, dem das Wagnis \neiner literarischen Ann\u00e4herung an ein \nbewegtes Leben vor dem Hinter -\ngrund des gesamten vergangenen \nJahrhunderts raffiniert gelingt. Der \nFilm floppte - der Roman mit seiner \nsommerwarmen Melancholie hinge -\ngen ruft nach der gro\u00dfen Leinwand.\nDTV\n288 Seiten |  22 EuroFolio Verlag  | aus dem Englischen \nvon Cathrine Hornung\n280 Seiten |  22 EuroKlett-Cotta  | aus dem \nAmerikanischen von  \nNicolai von Schweder-Schreiner\n352 Seiten |  22 Euro80 81Schlosserei + Bauschlosserei\nA.MENSE\nForellenweg 1\nG\u00fctersloh-Avenwedde\nTelefon (0 52 09) 28 28\nFax (0 52 09) 32 11\nwww.schlosserei-mense.deTreppengel\u00e4nder \u00b7 Balkongel\u00e4nder\nFenstergitter \u00b7 Handl\u00e4ufe\nStahltore \u00b7 Kunstschmiedearbeiten\nStahltreppen \u00b7Vord\u00e4cher\nTerrassen-\u00dcberdachungen\nStahlbau \u00b7 Carports\nEdelstahlarbeiten \u00b7 Zertifizierter\nSchwei\u00dferfachbetrieb\nReparaturarbeiten & vieles mehrWir fertigen\nf\u00fcr Sie:\nDauerelastische \nVersiegelungen\nFassadenverfugung \nAltfugensanierung\nHydrophobierung\nFichtenstra\u00dfe 36 | 33334 G\u00fctersloh\nFon 0 52 41 / 6 71 23 \nFax 0 52 41 / 68 88 15\nMobil 01 72 / 308 45 97\ngrossjohannverfugungen\n@yahoo.de\n30\n30\n30\nMandeln, Pflaumen, getrocknete Feigen, \nAprikosen, Datteln, Weinbeeren \u2013 super lecker!\nFr\u00fcchte brot\nInfos zu den Wochenm\u00e4rkten und unseren leckeren \nBackwaren unter www.brotzeit-bender.de\nWir kaufen \nWohnmobile + Wohnwagen\n03944 / 36 160\nwww.wm-aw.deWir kaufen \nWohnmobile + \nWohnwagen\n03944 \u00b7 36 160\nwww.wm-aw.deWir kaufen \nWohnmobile + Wohnwagen\n03944 / 36 160\nwww.wm-aw.deWir kaufen \nWohnmobile + \nWohnwagen\n03944 \u00b7 36 160\nwww.wm-aw.deWir kaufen \nWohnmobile + Wohnwagen\n03944 / 36 160\nwww.wm-aw.deWir kaufen \nWohnmobile + \nWohnwagen\n03944 \u00b7 36 160\nwww.wm-aw.deWir kaufen \nWohnmobile + Wohnwagen\n03944 / 36 160\nwww.wm-aw.deWir kaufen \nWohnmobile + \nWohnwagen\n03944 \u00b7 36 160\nwww.wm-aw.de\nAm Wasserturm\nB\u00fcro Lippstadt\nTelefon (0  29 41) 9 88 96 67\nB\u00fcro Bielefeld\nTelefon (0  5 21) 96 29 35 53Nasse W\u00e4nde?\nFeuchter K eller? \nUndichter Balk on?\n\u00fcber    40 Jahr eInnend\u00e4mmung \u00b7 Balk onsanierungen \u00b7 K ellerabdichtungen \nBeseitigung s\u00e4mtlicher Feuchtigk eitssch\u00e4den\nBautensc hutz RICHTER\nRichter Bautenschutz & Bauelemente GmbH & Co. KG\nIndustriestra\u00dfe 6 \u00b7 33442 Herzebrock-Clarholz\nTel. (05425) 4031 \u00b7 Fax (05425) 18361\nE-Mail: info@richter-bautenschutz.de\nInternet: www.richter-bautenschutz.deUnsere B\u00fcros:\nHerzebrock Tel. 0 52 45-40 31\nLippstadt Tel. 0 29 41-9 88 96 67\nBielefeld Tel. 05 21-96 29 35 53\nG\u00fctersloh \u00b7 Spexarder Bahnhof 9\n\u260e48882\nVerkauf und WerkstattHUSQVARNA \u00b7 BERNINA \u00b7 JANOME\nSINGER \u00b7 BROTHER \u00b7 PFAFF\nChristian Heitmann \u00b7 Vo\u00dfknapp 1 \u00b7 33442 Herzebrock-Clarholz\nTelefon 05245 7862 \u00b7 Heitmann.Christian@gmx.dehubert heitmann gem\u00fcseanbau\nHeitmann\nGem\u00fcse aus eigenem Anbau\ninfo@peitz-transporte.deKlein & Wichtig\nAnzeigen online aufgeben\nwww.gt-info.de/kleinanzeigen Gesucht & gefunden\n\u2605 VERK\u00c4UFE\nKFZ-Klima-Bef\u00fcllung/Ser -\nvice, 59 \u20ac. ALTUNTAS, Verler \nStra\u00dfe 190. Tel. GT 29099\nKFZ-Reparaturen aller Art \nFestpreis. ALTUNTAS, Verler Stra\u00dfe 190. Tel. GT 29099\nN\u00e4hmaschinen;Verkauf u. \nReparaturen, Handwerk. Tel. \nGT 48882\n\u00d6lwechsel? Erledigen wir so-\nfort. ALTUNTAS, Verler Stra\u00dfe \n190. Tel. GT 29099\nPKW-Kleinwagen Verkauf? \nBarankauf! ALTUNTAS, Verler \nStra\u00dfe 190. Tel. GT 29099\nRuckzuck K\u00fcchenmoderni-\nsierung. Matthias Heitwerth, \nTel. 05209-980762, www.\nheitwerth.de\nTrauringe in gro\u00dfer Auswahl. \nTrau dich bei Europa- Schmuck, Spiekergasse 8\nWaren aus fairem Handel \nEine-Welt-Laden, K\u00f6nigstr. \n8, Mo.-Fr. 10-18 Uhr, Sa. 10-16 \nUhr. Sie erreichen uns unter \ninfo@ weltladen-guetersloh.de\nWir polieren Ihr Auto auf \nHochglanz! ALTUNTAS, Verler \nStra\u00dfe 190. Tel. GT 29099\nAltgold-Ankauf. Fairer Preis. \nEuropa-Schmuck, Spieker -\ngasse 8\nGebraucht-PCs und Note-\nbooks Reparaturen. \nwww.low-budget-pc.de \nTel. GT 58532.\nInsektenschutzgitter Fenster, \nT\u00fcren u. Lichtsch\u00e4chte. Tel. GT 400704, \nwww.insektenschutzwalter.deFrische f\u00fcr Ihr Fenster! Gardi-\nnen-Waschservice, Martina Kiffmeyer, Telefon 05241 \n56465\nNeue Gardinen und Plissees. \nNutzen Sie meine Ausmess- \nund Beratungstermine f\u00fcr \nIhre Fenster! Gardinen Kiff -\nmeyer, Telefon 05241 56465\nPKW-Unfallsch\u00e4den? Baran-\nkauf. ALTUNTAS, Verler Stra\u00dfe \n190. Tel. GT 29099\nAutoMotion G\u00fctersloh Das \nGef\u00fchl f\u00fcr\u2018s richtige Auto! \nMo-Fr: 09:30 - 18.00 Uhr, Sa: \n10:00 -14:00 Uhr, telefoni-\nsche Terminabsprachen und \nBesichtigungen m\u00f6glich! \nAutoMotion G\u00fctersloh, Tel. \nGT 5274655\nGTautopflege www.gtau-\ntopflege.de, gro\u00dfe Auswahl \nan Pflege Produkten\nDachpfannen zu verschen-\nken, braun, ca. 900 St\u00fcck 20,5 cm breit, ca. 300 St\u00fcck \n20,0 cm breit, gut erhalten. \nSind abgenommen und ab-\nzuholen. Tel. GT 56963\nWohnzimmer-Schrank, Erle, \nmit TV-Vertico, ca. 4,20 breit, Wandbefestigung, \nBeleuchtung. Preis 200 Euro \nVHB, Selbstabbau. Tel. 0172 \n5227688\nKleiner Wohnzimmerschrank, \nErle, mit TV-Unterschrank, ca. 2,20 breit, Wandbefestigung. \nPreis 150 Euro VHB, Selbst -\nabbau. Tel. 0172 5227688\nElegante Esszimmer-Garni-\ntur, oval mit graden Enden, \nSteinplatte hochglanz, ausziehbar, Einlegeboden \nin Holz, Holz-Chrom-F\u00fc\u00dfe, 6 \npassende St\u00fchle, antrazith. \nSehr gepflegt. 300 Euro VHB. \nTel. 0172 5227688\n \u2605 KAUFGESUCHE\nAltgold-Ankauf zum fairen \nPreis, Europa-Schmuck, \nSpiekergasse 8\nWir kaufen Ihren gebrauch-\nten Kleinwagen an! ALTUN-TAS, Verler Stra\u00dfe 190. Tel. \nGT 29099\nWir kaufen Ihren Wagen. \nAutoPoint. Tel. GT 4033344\nSuche Pelze, Garderobe, \nHandtaschen, Puppen, \nPorzellan, Zinn, Teppiche, \nHandarbeiten, Schmuck, \nM\u00fcnzen, Uhren, alte B\u00fccher, \nSchallplatten; Reichmann Tel. \n0163 6775851\nChormitglieder f\u00fcr Jugend-\nchor gesucht. Du bist zw. 13 \nund 25 Jahre alt und singst \ngerne? Dann mach mit \nbei dem Theater-Projekt \n\u201eDenken verboten \u2013 Die \nRockoper\u201c. Auff\u00fchrung im Stadttheater GT im April \n2022. N\u00e4here Infos bitte an-\nfragen bei: spol43@web.de\n\u2605 MOBIL\nWir kaufen Ihren gebrauch-ten Kleinwagen an! ALTUN-\nTAS, Verler Stra\u00dfe 190. Tel. \nGT 29099\nWir kaufen Ihren Wagen: \nAutoPoint. Tel. GT 4033344\nAutoMotion G\u00fctersloh. Das \nGef\u00fchl f\u00fcr\u2018s richtige Auto! \nMo-Fr: 09:30 - 18.00 Uhr, Sa: \n10:00 - 14:00 Uhr, telefoni-\nsche Terminabsprachen und Besichtigungen m\u00f6glich! \nAutoMotion G\u00fctersloh, Tel. \nGT 5274655\u2605 HANDWERK\nK\u00fcchenrenovierung, neue Fronten, neue Arbeitsplatte, \nneue Ausz\u00fcge und Schubf\u00e4-\ncher oder E-Ger\u00e4te, kosten-\nlose Beratung und Angebot. \nTischlerei Klaus Zwiener Tel. 05241-97824 oder 0170-\n8072095\nFliesenleger hat freie Kapazi-\nt\u00e4ten. Tel. 0170 4147870\nStrahlend saubere Fenster- \nTel. GT 687999\nGartenpflege. www.\nmersch-garten.de, Garten-\npflege u. Gestaltung, Ge-\nh\u00f6lzschnitt, Uli Mersch, Tel. \n0151-56141174\nEntr\u00fcmpelungen aller Art, gut \nund preiswert Tel. 05242-\n48401\nAlles muss raus! Entr\u00fcmpe-\nlung. Tel. GT 687999 .\nAufarbeiten u. Neubeziehen \nv. Polsterm\u00f6beln (Sessel, So-\nfas, St\u00fchle, Eckb\u00e4nke \u2026). W. \nFindeklee, Haller Str. 135. Tel. \nGT 79497 od. 0173-5330158.\nBaumpflege Maurer, Fach-\nbetrieb f\u00fcr Baumpflege \nund Baumf\u00e4llung, Tel. GT \n3384844\nFrisch gestrichen in den \nHerbst. Tel. GT 687999\nIhr Spezialist f\u00fcr Antik-Uhren \n... Uhr-Rep. jeder Art, gut u. \ng\u00fcnstig. Uhrmachermeister \nR.-J. Bentlage. Tel. GT 29695\nProfi-Autopflege und \nWartung. ALTUNTAS, Verler \nStra\u00dfe 190. Tel. GT 29099\nLack- und Dellendoktor! \nALTUNTAS, Verler Stra\u00dfe 190. \nTel. GT 29099Klavierstimmung ... durch ge-lernten Klavierbauer f\u00fcr 75 \u20ac. \nJunkmann. Tel. 05244-8459\n\u2605 JOBS\nFensterputzen. Zuverl\u00e4ssig, sauber u. preiswert. Woh-\nnungen ab 25 Euro. H\u00e4user \nab 50 Euro. Tel. GT 2338798 \noder 0176-64258426\nAushilfe gesucht. Treppen-\nhaus-Reinigung in G\u00fctersloh \nvon Hausmeisterservice. Tel. \nGT 687999\nMobiler Service Fu\u00df- und \nHandpflege. Tel. 0176-36191301\nFreundliche, gr\u00fcndliche \nHaushalt/Putzhilfe alle 14 \nTage gesucht. elkedu@web.\nde\nReinigungshilfe gesucht, 2 wx \nmonatlich, gr\u00fcndliche und \nfreundliche Reinigungshilfe \nf\u00fcr 1 Personen Haushalt ge-\nsucht. elkedu@web.de\nSuchen Unterst\u00fctzung bei \nder Gartenarbeit in unserem \nPrivatgarten in GT (Innen-\nstadt), ca. einmal w\u00f6chent -\nlich 2-3 Std. (Rasenm\u00e4hen, Heckenschnitt, Unkraut, \nBl\u00e4tter etc.) auf Minijob-Ba-\nsis (mit Anmeldung!). Tel: 0162-2427973\nRentner sucht 3-w\u00f6chentlich \ndeutschsprachige Putzhilfe. \nTel. GT 9988613\n\u2605 MIETSACHEN & \n      IMMOBILIEN\nHomeoffice leid? \nB\u00fcro tageweise mieten. \nTel. 0170-2873276Dame, finanziell abgesichert \ndurch Ruhestandsbez\u00fcge, \nNR, ruhig, zu verl\u00e4ssing, sucht \nWohnung ab 60 qm, citynah. \nTel. 0176-45824098\nGibt es in G\u00fctersloh noch \ntierliebe Vermieter? Ehepaar \n(beide Rentner) mit Sohn (26 \nJ., berufst\u00e4tig) und kleiner \nHund (Shih Tzu, 12 J.) suchen \n3 ZKBB im EG in G\u00fctersloh. \nGarten auch m\u00f6glich. Tele-\nfonisch erreichbar unter Tel. GT 532173\nWohnung in GT, ca. 72 qm, \nunweit des Stadtparks. \n1. Etage im 2-Fam-Haus, \nWohn-Essz., Schlafz., K\u00fc-\nche, Bad u. Abstellr. Frisch renoviert m. Laminatboden, \nEinbauk., Carport, an berufst. \nDame oder P\u00e4rchen, NR, ab \nsofort zu verm. 500 \u20ac kalt + \nNK. Tel. GT 7412655 o. 0157-\n79681966\u2605 TIERE & CO\nFerien und Schule f\u00fcr Ihr Tier: \nHof Niedergassel. Hun-\nde-Camp; Katzenpension. \nTel. GT 68236 oder GT 6555\n\u2605 MUSIK\nFreie Pl\u00e4tze f\u00fcr Gesangs -\nunterricht und Stimmbildung, \nauch Kinderstimmbildung. S. \nMarks, Dipl. Musikerin, Tel. GT \n3005503\nMitglieder f\u00fcr Jugendchor \ngesucht. Du bist zw. 13 und \n25 Jahre alt und singst \ngerne? Dann mach doch mit \nbeim Theaterprojekt \u201eDenken \nverboten-die Rockoper\u201c mit \nAuff\u00fchrung im Theater GT im April 2022. N\u00e4here Infos gibt \nes unter spol43@web.de\u2605 UNTERRICHT & KURSE\nwww.drumunterricht.de\nwww.GTrommeln.deM\u00fchelos Coaching & Lernf\u00f6r -\nderung ... Wenn in der Schule \nirgendwas schief l\u00e4uft. \nJanina Helfbernd, info@\nmuehelos.de, Tel. GT 7081263. \nAuch Nachhilfe \u2013 ab 10 \u20ac\nGitarrenunterricht G\u00fctersloh, \nRheda-Wiedenbr\u00fcck und Bielefeld. Tel. 0174-6851512.\nLehrer erteilt Intensiv-Einzel-\nunterricht in Deutsch, Engl., \nFranz., Spanisch, Latein, \nMathe, Chemie, Bio, Physik, \nBWL, VWL, Orga, Rewe, Klasse 5-13. Tel. GT 59124\nPC-Hilfe f. jedes Alter! \nBrauchen Sie Hilfe am PC, im \nInternet, bei E-Mails? Viren-\nschutz? Tel. GT 4367Qual. Nachhilfe in allen \nHauptf\u00e4chern erteilt in GT. \nTel. 0172-7122182\nErf. NH-Lehrerin gibt Unter -\nricht in Mathe und Englisch \nKl. 5 bis 13. Tel. 0171/7966481\nFreie Pl\u00e4tze f. Gesangunter -\nricht u. Stimmbildung (auch \nKinderstimmbildung) Dipl. \nMusikerin S. Marks, Tel. GT \n300 55 03\n  \n\u2605 KONTAKTE\nSymp Mann anf. 50 J. 166 \ncm 68 kg, Nett und Nat\u00fcrlich \nsucht Frau oder Paar f\u00fcr \nFreizeit und Freundschaft \nzum Reden, Lachen und \nBl\u00f6dsinn machen. Bei Sym-pathie und Diskretion gerne \neine Niveauvolle  Freund-\nschaft+PLUS. Mail: m8was@\narcor.de Tel. GT 2189596Doppelkopfspieler gesucht. \nHallo! Ich bin neu in G\u00fcters -\nloh und w\u00fcrde gerne eine \nDOKO-GRUPPE gr\u00fcnden. \nSpielen und Spa\u00df 14 t\u00e4g. \nM\u00f6glichst Spieler ab \u00dc60 \nfreue mich \u00fcber deine Mail \nunter funnyschatzi@gmail.\ncom\n\u2605 FREIZEIT &  URLAUB\nFussballferien beim SV Spe-xard vom 20.10.21 - 22.10.21  \nFussballtraining mit vielen \nEvents. Trikot, Ball, Trink -\nflasche, 2 x Mittagessen Teilnehmerpokal Snaks & Getr\u00e4nke. Tel. 0170-3410341\nFussball-Tennis! Suchen 1-2 \nMitspieler f\u00fcr Donnerstag \nabend 19-20:30 in GT. Halle \nvorhanden. Alter unwichtig. \nNur wer sich bewegt lebt! Tel. 05245-4462120\n30\n30\n30\nMandeln, Pflaumen, getrocknete Feigen, \nAprikosen, Datteln, Weinbeeren \u2013 super lecker!\nFr\u00fcchte brot\nInfos zu den Wochenm\u00e4rkten und unseren leckeren \nBackwaren unter www.brotzeit-bender.de\nHerausgeber   \nLokalwerkstatt | Agentur f\u00fcr Kommunikation GmbH\nRedaktionsanschrift  Berliner Stra\u00dfe 101, 33330 G\u00fctersloh \nTelefon  0 52 41 / 211 94 50\nOnline  www.gt-info.de\nE-Mail Redaktion  redaktion@gt-info.de\nE-Mail Vertrieb  anzeigen@gt-info.de\nChefredakteur  Markus Corsmeyer (V.i.S.d.P.)\nChef vom Dienst Birgit Compin\nRedaktion  Birgit Compin, Heiner Wichelmann\nLeitung Medienberatung  Wolfgang Sauer\nMedienberatung Wolfgang Sauer, Dietmar Starke, \nMarkus Corsmeyer\nLayout und Realisation  Lutz Hesker, Tanja Uhe\nAnzeigengestaltung Tanja Uhe, Wolfgang Sauer\nTitelbildgestaltung  Tanja Uhe\nKonzeptionelle Mitarbeit 21PlusDesignkonzept Collet \u2013 Concepts Communication\nFilm- und Videoproduktion FilmfaktorSocial Media  Anna-Lena Henkenjohann\nMitarbeit an dieser Ausgabe  \nVera Corsmeyer, Antoine Jerji, Sebastian Krysiak, \nLinus Martinschledde, Emily Niehaus, Max Oesters\u00f6tebier, \nMartin Quilitz, Stefan Schneidt, G\u00fcnter Specht, Maria Unger, Thorsten Wagner-Conert, Elisa Wilke.\nKleinanzeigenannahme  \nOnline \u00fcber www.gt-info.de oder per Post \nEinsendeschluss bei Gewinnspielen  \nFalls bei Gewinnspielen nicht anders angegeben, ist der Anzeigenschluss am 15. Oktober 2021 gleichzeitig der Einsendeschluss bei Gewinnspielen.\nAuflage  45.000; Verbreitung  43.000 Exemplare kostenlos an \ndie Haushalte in G\u00fctersloh; 2.000 Exemplare \u00fcber verf\u00fcgbare \nAuslagestellen in G\u00fctersloh \nErscheinungsweise  monatlich \nDruckerei  Dierichs Druck + Media GmbH & Co. KG, Kassel \nVerteilung  MS Marketing Media GmbHDieses Magazin ist mit gro\u00dfer Sorgfalt und Gewissenhaftigkeit be\n-\narbeitet. Eine Gew\u00e4hr f\u00fcr Richtigkeit und Vollst\u00e4ndigkeit wird nicht \n\u00fcbernommen. Jegliche Anspr\u00fcche wegen etwaiger Fehler m\u00fcssen \nabgelehnt werden. Eine Haftung f\u00fcr Inhalte von QR-Codes und Links \nwird nicht \u00fcbernommen. Eventuelle \u00c4nderungen entnehmen Sie bitte der Tagespresse. F\u00fcr unverlangt eingesandte Manuskripte, Fotos \nund Druckvorlagen wird keine Haftung \u00fcbernommen. K\u00fcrzungen be\n-\nhalten wir uns vor. Namentlich gekennzeichnete Artikel stimmen nicht \nunbedingt mit der Meinung des Herausgebers \u00fcberein. Alle Rechte \nvorbehalten. Nachdruck, auch auszugsweise nur mit schriftlicher \nGenehmigung des Herausgebers. Dies gilt insbesondere f\u00fcr die Anzeigen. F\u00fcr eventuelle Sch\u00e4den durch fehlerhafte Anzeigen wird \neine Haftung nur bis zur H\u00f6he des entsprechenden Anzeigenpreises \n\u00fcbernommen. F\u00fcr nicht erschienene Anzeigen und Beilagen wird keine Haftung \u00fcbernommen. Es gilt Anzeigenpreisliste 6/21.\nWir nehmen den Datenschutz ernst. Die entsprechenden Daten\n-\nschutz-Pflichtinformationen finden Sie auf www.gt-info.de.\ngtinfo_stadtmagazin    /gueterslohs.stadtmagazinIMPRESSUMMonatszeugnis\nHier gibt es Noten f\u00fcr gute und schlechte lokale Leistungen\nDas rockt! Genau so! Weiter so! Okay Das geht \nbesser!Absolut\ndaneben\nW\u00e4hlen \u00fcben Altersarmut Absage\nJ\u00fcngst stand die Bundestagswahl an, \nschon einige Tage vorher hatten Sch\u00fc -\nlerinnen und Sch\u00fcler bereits \u201egew\u00e4hlt\u201c \u2013 bei der Juniorwahl. Insgesamt sieben \nG\u00fctersloher Schulen beteiligen sich an \nder bundesweiten Aktion, die parallel zur \n\u00fcberregionalen Wahl stattfindet. An der \nGeschwister-Scholl-Realschule durfte \ndie neunte Jahrgangsstufe unter realen \nBedingungen ihre Stimme abgeben. \nWahlbenachrichtigung, Wahlhelfer, W\u00e4h\n-\nlerverzeichnis, Stimmzettel, Wahlkabinen \nund eine Wahlurne: Der Spieleraum der \nGeschwister-Scholl-Schule wurde an \ndiesem Vormittag zum richtigen Wahl -\nlokal. W\u00e4hlen gehen hei\u00dft aber nicht nur zwei Kreuze zu setzen, sondern auch, sich \nvorher zu informieren. Die Bundestags\n-\nwahl und das deutsche Wahlsystem ha -\nben die Klassen im Politikunterricht vorab \nbehandelt. \u201eIn Gruppenarbeiten haben \nwir uns die Wahlprogramme der Parteien \nangeschaut und gegenseitig vorgestellt\u201c, \nberichtet Sch\u00fcler Joel. Super \u2013 so geht \nDemokratie.Ein Leben lang arbeiten \u2013 und trotzdem \nreicht die Rente nicht: Im Kreis G\u00fcters -\nloh sind rund 17 .200 Vollzeitbesch\u00e4f -\ntigte selbst nach 45 Arbeitsjahren im \nRentenalter von Armut bedroht. Davor \nwarnt die Gewerkschaft Nahrung-Ge -\nnuss-Gastst\u00e4tten (NGG) und beruft sich \nhierbei auf Zahlen der Bundesagentur \nf\u00fcr Arbeit und der Deutschen Renten -\nversicherung. Demnach verdienen 13,4 \nProzent aller Besch\u00e4ftigten, die im Kreis \nG\u00fctersloh in Vollzeit arbeiten, weniger \nals 2.050 Euro brutto im Monat. Rein \nrechnerisch m\u00fcssten sie sogar mehr als \n45 Jahre lang arbeiten, um auf eine \nRente oberhalb der Grundsicherungs -\nschwelle von aktuell 835 Euro zu kom -\nmen. \u201eAltersarmut ist kein Schreckens -\nszenario in der Zukunft, sondern f\u00fcr viele \nMenschen l\u00e4ngst Realit\u00e4t. Die Rente \nderer, die etwa jahrzehntelang in einer \nB\u00e4ckerei oder Gastst\u00e4tten gearbeitet \nhaben, reicht schon heute oft nicht aus.Der G\u00fctersloher Handel in der Innen -\nstadt zeigte sich geschockt: Der f\u00fcr das \nletzte Septemberwochenende geplante \nverkaufsoffene Sonntag wurde pl\u00f6tz -\nlich abgesagt. Das Entsetzen war gro\u00df. \nGrund war eine Entscheidung, die das \nOberverwaltungsgericht M\u00fcnster kurz -\nfristig traf. Das Gericht gab einer Klage \nder Gewerkschaft Verdi statt, die diese \ntags zuvor eingereicht hatte. Einzelhan -\ndelsvorsitzender Rainer Schorcht zeigte \nsich emp\u00f6rt und entsetzt. \u201eEs ist ge -\nradezu unglaublich, wie eine Gewerk -\nschaft mit unserem Handel umgeht\u201c, so Schorcht. Angesichts der Konkurrenz \ndurch den Online-Handel, der zu den \ngro\u00dfen Profiteuren der Corona-Pan\n-\ndemie geh\u00f6rt, h\u00e4tte der G\u00fctersloher Einzelhandel gerade jetzt wieder eine \ngute Chance verdient, sich mit seinen \nSt\u00e4rken vor Ort zu pr\u00e4sentieren.\nZiemlich\ndaneben\nWeiter so!Ziemlich\ndanebenZiemlich\ndaneben\nLiebe Kunden: Wir haben st\u00e4ndig eine gro\u00dfe Auswahl an\nneuen Marken-K\u00fchlwaren & -Tiefk\u00fchlwaren im Angebot!!!\nCola, Cola Zero, Fanta, Sprite \n0,33 Ltr. Dose \u2013 1 Ltr. = 1,35\u20ac\nChio Popcorn\n120g | 100g = 0,41\u20ac\n+ Pfand\nTwix, MilkyWay, Mars, Bounty \nMinis 275g | 100g = 0,72\u20ac\n1,99\nItalienische Nudeln 1 kg\n0,88\nHAMMERPREIS!Twix, Snickers, Mars\n5er Pack 200-300g | 100g = 0,72\u20ac\n1,49\nCoca Cola 4 x 1,5 Ltr.\n1 Ltr. = 0,50\u20ac\nCoca Cola Zero/Light 4 x 0,5 Ltr.\n1 Ltr. = 0,75\u20ac\nMilka Schokolade\n100g Tafeln\nM&M\u2018s Peanut\n300g | 100g = 0,66\u20ac\n1,77\n0,69\nMilka Gro\u00dftafeln\n250-300g \u2013 100g = 0,59-0,70\u20ac\nMilka Zarte Momente\n159-169g | 100g = 0,76-0,81\u20ac\n1,29\nfunny frisch versch. Sorten\n120-200g | 100g = 0,50-0,83\u20acfunny frisch Linsen Chips\n90g | 100g = 1,10\u20ac\u00fcltje Bar Mix 450g | 100g = 1,11\u20ac\n                                            \u00fcltje Studentenfutter 200g | 100g = 1,15\u20ac\n                                            \u00fcltje Nussmischung 140g | 100g = 1,63\u20ac\n4,99\n2,29\n0,99\n0,99\n0,99\n 0,99\n2,99\n 1,49\n+ Pfand\n+ Pfand\n+ Pfand\n+ Pfand\n+ Pfand\n+ Pfand\n+ Pfand\n+ Pfand\n+ Pfand\n+ Pfand\n+ Pfand\n+ Pfand\n+ Pfand\n+ Pfand\n+ Pfand\n+ Pfand\n+ Pfand\n+ Pfand\n+ Pfand\n+ Pfand\n+ Pfand\n+ Pfand\n+ Pfand\n+ Pfand\n+ Pfand\n+ Pfand\n+ Pfand\n+ Pfand\n+ Pfand\n+ Pfand\n+ Pfand\n+ Pfand\n+ Pfand\n+ Pfand\n+ Pfand\n+ Pfand\n+ Pfand\n+ Pfand\n0,45\n+ Pfand\n + Pfand\n 0,79\n+ PfandNescafe Sticks\n10 St\u00fcck = 80-165g \n100g = 0,90-1,86\u20ac\n1,49\n1,69Jacobs Kapseln\nversch. Sorten\n10 St\u00fcck = 52g | 100g = 3,25\u20ac\n0,49\nKartoffel P\u00fcree\n120g \u2013 100g = 0,74\u20ac\nKnorr Spaghetteria\n163g | 100g = 0,60\u20ac\n0,89\nKarottensalat\nF\u00fcllmenge 330g\nAbtropfgewicht 190g\nThomy Ketchup\n470g | 100g = 0,19\u20ac \nErbsen\nF\u00fcllmenge 330g\nAbtropfgewicht 190g\n0,99\n0,89\n0,39\n0,79\nAsiatische Gem\u00fcsenvielfalt\nChen Lu \u2013 verschiedene Sorten\n330g Glas \u2013 100g = 0,12\u20ac\n330g Glas \u2013 100g = 0,12\u20ac\n330g Glas \u2013 100g = 0,12\u20ac\n0,39Achtung!\nWEIHNACHTS-\nDEKO aus der\nAufl\u00f6sung eines\nGro\u00dfhandel-Lagers\nzu Hammer-\npreisen ein-\ngetroffen!\npreisen ein-\ngetroffen!\nTop-\nTipp!\nPersil Universal Pulver\n20 W\u00e4schen | 1 WL = 0,17\u20ac\nPersil Universal Pulver\n38 W\u00e4schen | 1 WL = 0,17\u20ac\nWC frisch\n3 x 50g \u2013 100g = 2,00\u20ac\n2,99\n3,99\nHakle Toilettenpapier\n16 Rollen 3-lagig\nZewa Wisch & Weg\n2 Rollen \u00e1 72 Blatt, 2-lagig\n1,99Nivea Shampoo\n250ml \u2013 100ml = 0,60\u20ac\nAxe Duschgel\n400ml | 100ml = 0,50\u20ac\n1,99\n1,49\nWei\u00dfer Riese Universal Pulver\n44 W\u00e4schen | 1 WL = 0,16\u20ac\n3,49\n649\n699\n2,49\nZewa Toilettenpapier\n10 Rollen, 3-lagig\nFFP2 Schutzmaske\nEinzeln verpackt\nMund- und Nasenmasken\n50 St\u00fcck\n4,99\n0,49\n1,99\nMundwasser\n600ml | 100ml = 0,55\u20ac\n3,29\nDesinfektionsmittel\n500ml \u2013 1 Ltr. = 7,98\u20ac\n3,49\nHAMMERPREIS!\nRindenmulch St\u00fcck 60 Ltr.\n2,99\n1 Sack\n5,-\n2 S\u00e4cke\n2021-09-23-DINA4.indd   1 23.09.2021   09:40:45U1_U2_U3_U4_gt!nfo_540.indd   3 28.09.21   15:03Der gtinfo\nPodcast4830\nAb sofort stellt Markus Corsmeyer hier in der Lokalwerkstatt\nmonatlich starke Pers\u00f6nlichkeiten aus der Region vor.Ansichten, Einsichten und Absichten \u2013 mal sehen, was erseinen G\u00e4sten entlocken kann.\nApple Podcasts Spotify\nB\u00dcRGERMEISTEREPISODE1MIT\nNOBBYMORKES\nHIER FINDEST DU UNSEREN KOSTENLOSEN PODCAST:\nU1_U2_U3_U4_gt!nfo_540.indd   4 28.09.21   14:37", "language": "PDF", "image": "PDF", "pagetype": "PDF", "links": "PDF"}