{"title": "Hersteller Apotheke.de - Online Apotheke im Internet, g\u00fcnstige Medikamente kaufen in der Versandapotheke!", "author": "Versandapotheke apotheke de", "url": "https://www.apotheke.de/naturheilkunde-hersteller-c-415", "hostname": "apotheke.de", "description": "Hersteller", "sitename": "apotheke.de", "date": "2015-02-12", "id": null, "license": null, "body": null, "comments": "", "commentsbody": null, "raw_text": null, "text": "Hersteller\n[...mehr zu \"Hersteller\" lesen...](https://www.apotheke.de/naturheilkunde-hersteller-c-415#mehr_lesen) [\n21,52*\n19,39*\n](https://www.apotheke.de/euphrasia-augentropfen-30x05ml-pzn-01448168) [\nPZN 01448168\n(GP*: 1292,66\u20ac/1 l)\n](https://www.apotheke.de/euphrasia-augentropfen-30x05ml-pzn-01448168) [\n](https://www.apotheke.de/euphrasia-augentropfen-30x05ml-pzn-01448168)\n- Bei gereizter und ger\u00f6teter Bindehaut\n- Bei ger\u00f6teter Bindehaut, tr\u00e4nenden, brennenden und juckenden Augen\n- F\u00fcr die Allergiesaison und f\u00fcr Kontaktlinsentr\u00e4ger geeignet\nBestellungen die Mo-Fr bis 16:00 Uhr eingehen verlassen in der Regel noch am selben Tag unser Haus.\nDie Lieferzeit Ihrer Bestellung richtet sich nach dem Artikel mit der l\u00e4ngsten Lieferzeitangabe.\n[\nHom\u00f6opathisch\n39,57*\n38,99*\n](https://www.apotheke.de/vertigoheel-arzneimittel-gegen-viele-formen-von-schwindel-250stk-pzn-01088971) [\nPZN 01088971\n](https://www.apotheke.de/vertigoheel-arzneimittel-gegen-viele-formen-von-schwindel-250stk-pzn-01088971) [\n](https://www.apotheke.de/vertigoheel-arzneimittel-gegen-viele-formen-von-schwindel-250stk-pzn-01088971)\n- Reduziert nachweislich Intensit\u00e4t, Anzahl und Dauer der Schwindelattacken\n- F\u00fcr mehr Sicherheit und Lebensqualit\u00e4t\n- Ist dabei besonders gut vertr\u00e4glich\nBestellungen die Mo-Fr bis 16:00 Uhr eingehen verlassen in der Regel noch am selben Tag unser Haus.\nDie Lieferzeit Ihrer Bestellung richtet sich nach dem Artikel mit der l\u00e4ngsten Lieferzeitangabe.\n[\nHom\u00f6opathisch\n35,69*\n30,99*\n](https://www.apotheke.de/strophanthus-hevert-tropfen-100ml-pzn-02767585) [\nPZN 02767585\n(GP*: 309,90\u20ac/1 l)\n](https://www.apotheke.de/strophanthus-hevert-tropfen-100ml-pzn-02767585) [\n](https://www.apotheke.de/strophanthus-hevert-tropfen-100ml-pzn-02767585)\n- Hom\u00f6opathisches Arzneimittel\n- Bei nerv\u00f6s bedingten St\u00f6rungen der Herzleistung und des Herzrhythmus\nBestellungen die Mo-Fr bis 16:00 Uhr eingehen verlassen in der Regel noch am selben Tag unser Haus.\nDie Lieferzeit Ihrer Bestellung richtet sich nach dem Artikel mit der l\u00e4ngsten Lieferzeitangabe.\n[\n16,28*\n15,99*\n](https://www.apotheke.de/aconit-schmerzoel-100ml-pzn-01448576) [\nPZN 01448576\n(GP*: 159,90\u20ac/1 l)\n](https://www.apotheke.de/aconit-schmerzoel-100ml-pzn-01448576) [\n](https://www.apotheke.de/aconit-schmerzoel-100ml-pzn-01448576)\n- Anregung des W\u00e4rmeorganismus\n- Bei schmerzhaften entz\u00fcndlichen Erkrankungen\n- Rein pflanzlich\nBestellungen die Mo-Fr bis 16:00 Uhr eingehen verlassen in der Regel noch am selben Tag unser Haus.\nDie Lieferzeit Ihrer Bestellung richtet sich nach dem Artikel mit der l\u00e4ngsten Lieferzeitangabe.\n[\n13,45*\n12,39*\n](https://www.apotheke.de/bachblueten-original-rescura-pets-tropfen-alkoholfrei-10ml-pzn-16391899) [\nPZN 16391899\n(GP*: 1239,00\u20ac/1 l)\n](https://www.apotheke.de/bachblueten-original-rescura-pets-tropfen-alkoholfrei-10ml-pzn-16391899) [\n](https://www.apotheke.de/bachblueten-original-rescura-pets-tropfen-alkoholfrei-10ml-pzn-16391899)\n- Unterst\u00fctzt das emotionale Wohlbefinden Ihres Tieres\n- Enth\u00e4lt Edward Bach's ber\u00fchmte Bach-Bl\u00fctenmischung\n- Handgepfl\u00fcckt aus England\n- Bew\u00e4hrt seit \u00fcber 90 Jahren\nBestellungen die Mo-Fr bis 16:00 Uhr eingehen verlassen in der Regel noch am selben Tag unser Haus.\nDie Lieferzeit Ihrer Bestellung richtet sich nach dem Artikel mit der l\u00e4ngsten Lieferzeitangabe.\n[\nHom\u00f6opathisch\n21,98*\n14,89*\n](https://www.apotheke.de/sinusitis-hevert-sl-tabletten-100stk-pzn-02785005) [\nPZN 02785005\n](https://www.apotheke.de/sinusitis-hevert-sl-tabletten-100stk-pzn-02785005) [\n](https://www.apotheke.de/sinusitis-hevert-sl-tabletten-100stk-pzn-02785005)\n- Hom\u00f6opathisches Arzneimittel\n- Bei Entz\u00fcndungen des Hals-Nasen-Rachenraumes und der Nasennebenh\u00f6hlen(Sinusitis)\nBestellungen die Mo-Fr bis 16:00 Uhr eingehen verlassen in der Regel noch am selben Tag unser Haus.\nDie Lieferzeit Ihrer Bestellung richtet sich nach dem Artikel mit der l\u00e4ngsten Lieferzeitangabe.\n[\n18,55*\n13,19*\n](https://www.apotheke.de/bachblueten-original-rescura-tropfen-alkoholfrei-20ml-pzn-16391818) [\nPZN 16391818\n(GP*: 659,50\u20ac/1 l)\n](https://www.apotheke.de/bachblueten-original-rescura-tropfen-alkoholfrei-20ml-pzn-16391818) [\n](https://www.apotheke.de/bachblueten-original-rescura-tropfen-alkoholfrei-20ml-pzn-16391818)\n- Unterst\u00fctzt das emotionale Wohlbefinden und die innere Balance\n- Der ideale Wegbegleiter f\u00fcr an stressigen Tagen\n- Edward Bach's ber\u00fchmte Bach-Bl\u00fctenmischung, handgepfl\u00fcckt aus seinem Garten in England\n- Die Original Bach RESCURA\u2122 Mischung in der kultig gelben Flasche, bew\u00e4hrt seit \u00fcber 90 Jahren\nBestellungen die Mo-Fr bis 16:00 Uhr eingehen verlassen in der Regel noch am selben Tag unser Haus.\nDie Lieferzeit Ihrer Bestellung richtet sich nach dem Artikel mit der l\u00e4ngsten Lieferzeitangabe.\n[\n17,49*\n13,79*\n](https://www.apotheke.de/vitamin-d3-hevert-2000-ie-tabletten-120stk-pzn-11295441) [\nPZN 11295441\n(GP*: 957,63\u20ac/1 kg)\n](https://www.apotheke.de/vitamin-d3-hevert-2000-ie-tabletten-120stk-pzn-11295441) [\n](https://www.apotheke.de/vitamin-d3-hevert-2000-ie-tabletten-120stk-pzn-11295441)\n- Versorgt den K\u00f6rper mit Vitamin D\n- Tr\u00e4gt zur einer normalen Funktion des Immunsystems bei\nBestellungen die Mo-Fr bis 16:00 Uhr eingehen verlassen in der Regel noch am selben Tag unser Haus.\nDie Lieferzeit Ihrer Bestellung richtet sich nach dem Artikel mit der l\u00e4ngsten Lieferzeitangabe.\n[\nHom\u00f6opathisch\n18,39*\n18,29*\n](https://www.apotheke.de/vertigoheel-arzneimittel-gegen-viele-formen-von-schwindel-100stk-pzn-06979686) [\nPZN 06979686\n](https://www.apotheke.de/vertigoheel-arzneimittel-gegen-viele-formen-von-schwindel-100stk-pzn-06979686) [\n](https://www.apotheke.de/vertigoheel-arzneimittel-gegen-viele-formen-von-schwindel-100stk-pzn-06979686)\n- Reduziert nachweislich Intensit\u00e4t, Anzahl und Dauer der Schwindelattacken\n- reduziert nachweislich Intensit\u00e4t, Anzahl und Dauer der Schwindelattacken\n- F\u00fcr mehr Sicherheit und Lebensqualit\u00e4t\n- Ist dabei besonders gut vertr\u00e4glich\nBestellungen die Mo-Fr bis 16:00 Uhr eingehen verlassen in der Regel noch am selben Tag unser Haus.\nDie Lieferzeit Ihrer Bestellung richtet sich nach dem Artikel mit der l\u00e4ngsten Lieferzeitangabe.\n[\n26,47*\n20,99*\n](https://www.apotheke.de/vitamin-d3-hevert-4000-internationale-einheiten-tabletten-90stk-pzn-11295470) [\nPZN 11295470\n(GP*: 1166,11\u20ac/1 kg)\n](https://www.apotheke.de/vitamin-d3-hevert-4000-internationale-einheiten-tabletten-90stk-pzn-11295470) [\n](https://www.apotheke.de/vitamin-d3-hevert-4000-internationale-einheiten-tabletten-90stk-pzn-11295470)\n- Power-Vitamin f\u00fcr Knochen, Immunabwehr und Vitalit\u00e4t\n- Versorgt den K\u00f6rper mit der erforderlichen Menge an Vitamin D\n- Mangelerscheinungen und Folgen kann vorgebeugt werden\nBestellungen die Mo-Fr bis 16:00 Uhr eingehen verlassen in der Regel noch am selben Tag unser Haus.\nDie Lieferzeit Ihrer Bestellung richtet sich nach dem Artikel mit der l\u00e4ngsten Lieferzeitangabe.\n[\n6,63*\n6,29*\n](https://www.apotheke.de/euphrasia-augentropfen-5x05ml-pzn-01448174) [\nPZN 01448174\n(GP*: 2516,00\u20ac/1 l)\n](https://www.apotheke.de/euphrasia-augentropfen-5x05ml-pzn-01448174) [\n](https://www.apotheke.de/euphrasia-augentropfen-5x05ml-pzn-01448174)\n- Bei gereizter und ger\u00f6teter Bindehaut\n- Bei ger\u00f6teter Bindehaut, tr\u00e4nenden, brennenden und juckenden Augen\n- F\u00fcr die Allergiesaison und f\u00fcr Kontaktlinsentr\u00e4ger geeignet\nBestellungen die Mo-Fr bis 16:00 Uhr eingehen verlassen in der Regel noch am selben Tag unser Haus.\nDie Lieferzeit Ihrer Bestellung richtet sich nach dem Artikel mit der l\u00e4ngsten Lieferzeitangabe.\n[\n13,45*\n12,69*\n](https://www.apotheke.de/bachblueten-original-rescura-tropfen-alkoholfrei-10ml-pzn-16391801) [\nPZN 16391801\n(GP*: 1269,00\u20ac/1 l)\n](https://www.apotheke.de/bachblueten-original-rescura-tropfen-alkoholfrei-10ml-pzn-16391801) [\n](https://www.apotheke.de/bachblueten-original-rescura-tropfen-alkoholfrei-10ml-pzn-16391801)\n- Unterst\u00fctzt das emotionale Wohlbefinden und die innere Balance\n- Der ideale Wegbegleiter f\u00fcr an stressigen Tagen\n- Edward Bach's ber\u00fchmte Bach-Bl\u00fctenmischung, handgepfl\u00fcckt aus seinem Garten in England\n- Die Original Bach RESCURA\u2122 Mischung in der kultig gelben Flasche, bew\u00e4hrt seit \u00fcber 90 Jahren\nBestellungen die Mo-Fr bis 16:00 Uhr eingehen verlassen in der Regel noch am selben Tag unser Haus.\nDie Lieferzeit Ihrer Bestellung richtet sich nach dem Artikel mit der l\u00e4ngsten Lieferzeitangabe.\n[\n10,92*\n9,29*\n](https://www.apotheke.de/aconit-schmerzoel-50ml-pzn-01448582) [\nPZN 01448582\n(GP*: 185,80\u20ac/1 l)\n](https://www.apotheke.de/aconit-schmerzoel-50ml-pzn-01448582) [\n](https://www.apotheke.de/aconit-schmerzoel-50ml-pzn-01448582)\n- Anregung des W\u00e4rmeorganismus\n- bei schmerzhaften entz\u00fcndlichen Erkrankungen\n- rein pflanzlich\nBestellungen die Mo-Fr bis 16:00 Uhr eingehen verlassen in der Regel noch am selben Tag unser Haus.\nDie Lieferzeit Ihrer Bestellung richtet sich nach dem Artikel mit der l\u00e4ngsten Lieferzeitangabe.\n[\n9,21*\n6,89*\n](https://www.apotheke.de/plantago-hustensaft-90ml-pzn-01448435) [\nPZN 01448435\n(GP*: 76,55\u20ac/1 l)\n](https://www.apotheke.de/plantago-hustensaft-90ml-pzn-01448435) [\n](https://www.apotheke.de/plantago-hustensaft-90ml-pzn-01448435)\n- nur Original-Markenmedikamente\n- Bonus f\u00fcr Selbstzahler-Rezepte10)\n- Versandkostenfreie Lieferung**\nBestellungen die Mo-Fr bis 16:00 Uhr eingehen verlassen in der Regel noch am selben Tag unser Haus.\nDie Lieferzeit Ihrer Bestellung richtet sich nach dem Artikel mit der l\u00e4ngsten Lieferzeitangabe.\n[\nHom\u00f6opathisch\n27,79*\n24,99*\n](https://www.apotheke.de/mucosa-compositum-ampullen-10stk-pzn-04313575) [\nPZN 04313575\n](https://www.apotheke.de/mucosa-compositum-ampullen-10stk-pzn-04313575) [\n](https://www.apotheke.de/mucosa-compositum-ampullen-10stk-pzn-04313575)\n- Hom\u00f6opathisches Arzneimittel\n- 10 Ampullen\n- Zur Injektion\nBestellungen die Mo-Fr bis 16:00 Uhr eingehen verlassen in der Regel noch am selben Tag unser Haus.\nDie Lieferzeit Ihrer Bestellung richtet sich nach dem Artikel mit der l\u00e4ngsten Lieferzeitangabe.\n[\n8,33*\n7,29*\n](https://www.apotheke.de/aconit-ohrentropfen-10ml-pzn-01448553) [\nPZN 01448553\n(GP*: 729,00\u20ac/1 l)\n](https://www.apotheke.de/aconit-ohrentropfen-10ml-pzn-01448553) [\n](https://www.apotheke.de/aconit-ohrentropfen-10ml-pzn-01448553)\n- nur Original-Markenmedikamente\n- Bonus f\u00fcr Selbstzahler-Rezepte10)\n- Versandkostenfreie Lieferung**\nBestellungen die Mo-Fr bis 16:00 Uhr eingehen verlassen in der Regel noch am selben Tag unser Haus.\nDie Lieferzeit Ihrer Bestellung richtet sich nach dem Artikel mit der l\u00e4ngsten Lieferzeitangabe.\n[\n30,98*\n25,99*\n](https://www.apotheke.de/vitamin-b-komplex-forte-hevert-tabletten-100stk-pzn-05003931) [\nPZN 05003931\n](https://www.apotheke.de/vitamin-b-komplex-forte-hevert-tabletten-100stk-pzn-05003931) [\n](https://www.apotheke.de/vitamin-b-komplex-forte-hevert-tabletten-100stk-pzn-05003931)\n- Vitaminpr\u00e4parat zur Therapie nachgewiesener Mangelzust\u00e4nde der Vitamine B1, B6 und B12\n- Hochdosierte B-Vitamine bei Mangelerscheinungen\nBestellungen die Mo-Fr bis 16:00 Uhr eingehen verlassen in der Regel noch am selben Tag unser Haus.\nDie Lieferzeit Ihrer Bestellung richtet sich nach dem Artikel mit der l\u00e4ngsten Lieferzeitangabe.\n[\nHom\u00f6opathisch\n32,97*\n23,99*\n](https://www.apotheke.de/calmvalera-hevert-tropfen-100ml-pzn-06560421) [\nPZN 06560421\n(GP*: 239,90\u20ac/1 l)\n](https://www.apotheke.de/calmvalera-hevert-tropfen-100ml-pzn-06560421) [\n](https://www.apotheke.de/calmvalera-hevert-tropfen-100ml-pzn-06560421)\n- Hom\u00f6opathisches Arzneimittel bei\n- Bei nerv\u00f6se St\u00f6rungen wie Schlafst\u00f6rungen undUnruhe, Verstimmungszust\u00e4nde\nBestellungen die Mo-Fr bis 16:00 Uhr eingehen verlassen in der Regel noch am selben Tag unser Haus.\nDie Lieferzeit Ihrer Bestellung richtet sich nach dem Artikel mit der l\u00e4ngsten Lieferzeitangabe.\n[\nHom\u00f6opathisch\n47,93*\n38,99*\n](https://www.apotheke.de/zeel-compositus-n-tabletten-250stk-pzn-02464175) [\nPZN 02464175\n](https://www.apotheke.de/zeel-compositus-n-tabletten-250stk-pzn-02464175) [\n](https://www.apotheke.de/zeel-compositus-n-tabletten-250stk-pzn-02464175)\n- hom\u00f6opathisches Arzneimittel\n- bei Erkrankungen des Bewegungsapparates\nBestellungen die Mo-Fr bis 16:00 Uhr eingehen verlassen in der Regel noch am selben Tag unser Haus.\nDie Lieferzeit Ihrer Bestellung richtet sich nach dem Artikel mit der l\u00e4ngsten Lieferzeitangabe.\n[\nHom\u00f6opathisch\n13,58*\n10,79*\n](https://www.apotheke.de/engystol-zur-immunstaerkung-bei-grippalen-infekten-50stk-pzn-04871306) [\nPZN 04871306\n](https://www.apotheke.de/engystol-zur-immunstaerkung-bei-grippalen-infekten-50stk-pzn-04871306) [\n](https://www.apotheke.de/engystol-zur-immunstaerkung-bei-grippalen-infekten-50stk-pzn-04871306)\n- St\u00e4rkt das Immunsystem bei grippalen Infekten\n- Regt die k\u00f6rpereigenen Abwehrmechanismen auf nat\u00fcrliche Weise an\n- Gut vertr\u00e4glich\n- Bereits f\u00fcr Kinder ab dem ersten Lebensjahr geeignet\nBestellungen die Mo-Fr bis 16:00 Uhr eingehen verlassen in der Regel noch am selben Tag unser Haus.\nDie Lieferzeit Ihrer Bestellung richtet sich nach dem Artikel mit der l\u00e4ngsten Lieferzeitangabe.\n[\nHom\u00f6opathisch\n10,98*\n9,69*\n](https://www.apotheke.de/arnica-d12-globuli-dhu-10g-pzn-02110230) [\nPZN 02110230\n(GP*: 969,00\u20ac/1 kg)\n](https://www.apotheke.de/arnica-d12-globuli-dhu-10g-pzn-02110230) [\n](https://www.apotheke.de/arnica-d12-globuli-dhu-10g-pzn-02110230)\n- Hom\u00f6opathisches Arzneimittel\n- Registriertes hom\u00f6opathisches Arzneimittel, daher ohne Angabe einer therapeutischen Indikation\nBestellungen die Mo-Fr bis 16:00 Uhr eingehen verlassen in der Regel noch am selben Tag unser Haus.\nDie Lieferzeit Ihrer Bestellung richtet sich nach dem Artikel mit der l\u00e4ngsten Lieferzeitangabe.\n[\nHom\u00f6opathisch\n11,50*\n10,19*\n](https://www.apotheke.de/nux-vomica-c30-globuli-10g-pzn-02803192) [\nPZN 02803192\n(GP*: 1019,00\u20ac/1 kg)\n](https://www.apotheke.de/nux-vomica-c30-globuli-10g-pzn-02803192) [\n](https://www.apotheke.de/nux-vomica-c30-globuli-10g-pzn-02803192)\n- hom\u00f6opathisches Arzneimittel\n- wirkt nach dem \u00c4hnlichkeitsprinzip\n- reguliert die Selbstheilungskraft des K\u00f6rpers\n- f\u00fcr eine ganzheitliche Behandlung\nBestellungen die Mo-Fr bis 16:00 Uhr eingehen verlassen in der Regel noch am selben Tag unser Haus.\nDie Lieferzeit Ihrer Bestellung richtet sich nach dem Artikel mit der l\u00e4ngsten Lieferzeitangabe.\n[\nHom\u00f6opathisch\n47,93*\n37,99*\n](https://www.apotheke.de/lymphomyosot-tabletten-250stk-pzn-04926697) [\nPZN 04926697\n](https://www.apotheke.de/lymphomyosot-tabletten-250stk-pzn-04926697) [\n](https://www.apotheke.de/lymphomyosot-tabletten-250stk-pzn-04926697)\n- Hom\u00f6opathisches Arzneimittel\n- Wirkt nach dem \u00c4hnlichkeitsprinzip\n- Reguliert die Selbstheilungskraft des K\u00f6rpers\n- F\u00fcr eine ganzheitliche Behandlung\nBestellungen die Mo-Fr bis 16:00 Uhr eingehen verlassen in der Regel noch am selben Tag unser Haus.\nDie Lieferzeit Ihrer Bestellung richtet sich nach dem Artikel mit der l\u00e4ngsten Lieferzeitangabe.\n[\n7,95*\n6,19*\n](https://www.apotheke.de/bachblueten-original-rescura-pastschwjohannisb-50g-pzn-16391729) [\nPZN 16391729\n(GP*: 123,80\u20ac/1 kg)\n](https://www.apotheke.de/bachblueten-original-rescura-pastschwjohannisb-50g-pzn-16391729) [\n](https://www.apotheke.de/bachblueten-original-rescura-pastschwjohannisb-50g-pzn-16391729)\n- Namenswechsel: Aus RESCUE wird RESCURA. Sonst \u00e4ndert sich nichts\n- Unterst\u00fctzt das emotionale Wohlbefinden und die innere Balance\n- Enth\u00e4lt Edward Bach's ber\u00fchmte Bach-Bl\u00fctenmischung\n- Handgepfl\u00fcckt aus England\n- Die Original Bach RESCURA\u2122 Mischung in einer fruchtigen Pastille\nBestellungen die Mo-Fr bis 16:00 Uhr eingehen verlassen in der Regel noch am selben Tag unser Haus.\nDie Lieferzeit Ihrer Bestellung richtet sich nach dem Artikel mit der l\u00e4ngsten Lieferzeitangabe.\n[\nHom\u00f6opathisch\n15,90*\n13,99*\n](https://www.apotheke.de/schuessler-salze-biochemie-pflueger-3-ferrum-phos-d12-tbl-400stk-pzn-06318861) [\nPZN 06318861\n](https://www.apotheke.de/schuessler-salze-biochemie-pflueger-3-ferrum-phos-d12-tbl-400stk-pzn-06318861) [\n](https://www.apotheke.de/schuessler-salze-biochemie-pflueger-3-ferrum-phos-d12-tbl-400stk-pzn-06318861)\n- nur Original-Markenmedikamente\n- Bonus f\u00fcr Selbstzahler-Rezepte10)\n- Versandkostenfreie Lieferung**\nBestellungen die Mo-Fr bis 16:00 Uhr eingehen verlassen in der Regel noch am selben Tag unser Haus.\nDie Lieferzeit Ihrer Bestellung richtet sich nach dem Artikel mit der l\u00e4ngsten Lieferzeitangabe.\n[\n13,45*\n10,79*\n](https://www.apotheke.de/bachblueten-original-rescura-kids-tropfen-alkoholfrei-10ml-pzn-16391876) [\nPZN 16391876\n(GP*: 1079,00\u20ac/1 l)\n](https://www.apotheke.de/bachblueten-original-rescura-kids-tropfen-alkoholfrei-10ml-pzn-16391876) [\n](https://www.apotheke.de/bachblueten-original-rescura-kids-tropfen-alkoholfrei-10ml-pzn-16391876)\n- Unterst\u00fctzt das emotionale Wohlbefinden Ihres Kindes\n- Enth\u00e4lt Edward Bach's ber\u00fchmte Bach-Bl\u00fctenmischung\n- Handgepfl\u00fcckt aus England\n- Speziell f\u00fcr Kinder\nBestellungen die Mo-Fr bis 16:00 Uhr eingehen verlassen in der Regel noch am selben Tag unser Haus.\nDie Lieferzeit Ihrer Bestellung richtet sich nach dem Artikel mit der l\u00e4ngsten Lieferzeitangabe.\n[\nHom\u00f6opathisch\n27,39*\n22,99*\n](https://www.apotheke.de/zeel-compositus-n-ampullen-10stk-pzn-00277836) [\nPZN 00277836\n](https://www.apotheke.de/zeel-compositus-n-ampullen-10stk-pzn-00277836) [\n](https://www.apotheke.de/zeel-compositus-n-ampullen-10stk-pzn-00277836)\n- Hom\u00f6opathisches Arzneimittel\n- Bei Erkrankungen des Bewegungsapparates\nBestellungen die Mo-Fr bis 16:00 Uhr eingehen verlassen in der Regel noch am selben Tag unser Haus.\nDie Lieferzeit Ihrer Bestellung richtet sich nach dem Artikel mit der l\u00e4ngsten Lieferzeitangabe.\n[\n27,00*\n25,99*\n](https://www.apotheke.de/kohle-hevert-100stk-pzn-06968642) [\nPZN 06968642\n](https://www.apotheke.de/kohle-hevert-100stk-pzn-06968642) [\n](https://www.apotheke.de/kohle-hevert-100stk-pzn-06968642)\n- Bei Magen-Darm Beschwerden\n- Bindet Giftstoffe und st\u00f6rende Abbauprodukte\n- bei \u00fcberm\u00e4\u00dfiger Gasbildung\nBestellungen die Mo-Fr bis 16:00 Uhr eingehen verlassen in der Regel noch am selben Tag unser Haus.\nDie Lieferzeit Ihrer Bestellung richtet sich nach dem Artikel mit der l\u00e4ngsten Lieferzeitangabe.\n[\n18,55*\n17,69*\n](https://www.apotheke.de/bachblueten-original-rescura-night-tropfen-alkoholfrei-20ml-pzn-16391787) [\nPZN 16391787\n(GP*: 884,50\u20ac/1 l)\n](https://www.apotheke.de/bachblueten-original-rescura-night-tropfen-alkoholfrei-20ml-pzn-16391787) [\n](https://www.apotheke.de/bachblueten-original-rescura-night-tropfen-alkoholfrei-20ml-pzn-16391787)\n- Nat\u00fcrlich schlafen - ohne das Schlafhormon Melatonin\n- Abschalten und erfrischt aufwachen, bereit f\u00fcr den Tag\n- Enth\u00e4lt Edward Bach's ber\u00fchmte Bach-Bl\u00fctenmischung, handgepfl\u00fcckt aus seinem Garten in England\n- Die Original Bach RESCURA\u2122 Mischung in der kultig gelben Flasche, bew\u00e4hrt seit \u00fcber 90 Jahren\nBestellungen die Mo-Fr bis 16:00 Uhr eingehen verlassen in der Regel noch am selben Tag unser Haus.\nDie Lieferzeit Ihrer Bestellung richtet sich nach dem Artikel mit der l\u00e4ngsten Lieferzeitangabe.\n[\nHom\u00f6opathisch\n27,39*\n21,99*\n](https://www.apotheke.de/hepar-compheel-ampullen-10stk-pzn-06340636) [\nPZN 06340636\n](https://www.apotheke.de/hepar-compheel-ampullen-10stk-pzn-06340636) [\n](https://www.apotheke.de/hepar-compheel-ampullen-10stk-pzn-06340636)\n- Hom\u00f6opathisches Arzneimittel\n- Fl\u00fcssige Verd\u00fcnnung zur Injektion\n- 10 Ampullen\nBestellungen die Mo-Fr bis 16:00 Uhr eingehen verlassen in der Regel noch am selben Tag unser Haus.\nDie Lieferzeit Ihrer Bestellung richtet sich nach dem Artikel mit der l\u00e4ngsten Lieferzeitangabe.\n[\nHom\u00f6opathisch\n25,97*\n19,99*\n](https://www.apotheke.de/coenzyme-compositum-ampullen-10stk-pzn-04312742) [\nPZN 04312742\n](https://www.apotheke.de/coenzyme-compositum-ampullen-10stk-pzn-04312742) [\n](https://www.apotheke.de/coenzyme-compositum-ampullen-10stk-pzn-04312742)\n- nur Original-Markenmedikamente\n- Bonus f\u00fcr Selbstzahler-Rezepte10)\n- Versandkostenfreie Lieferung**\nBestellungen die Mo-Fr bis 16:00 Uhr eingehen verlassen in der Regel noch am selben Tag unser Haus.\nDie Lieferzeit Ihrer Bestellung richtet sich nach dem Artikel mit der l\u00e4ngsten Lieferzeitangabe.\n[\nHom\u00f6opathisch\n11,50*\n10,19*\n](https://www.apotheke.de/arnica-c30-globuli-10g-pzn-02801069) [\nPZN 02801069\n(GP*: 1019,00\u20ac/1 kg)\n](https://www.apotheke.de/arnica-c30-globuli-10g-pzn-02801069) [\n](https://www.apotheke.de/arnica-c30-globuli-10g-pzn-02801069)\n- hom\u00f6opathisches Arzneimittel\n- wirkt nach dem \u00c4hnlichkeitsprinzip\n- reguliert die Selbstheilungskraft des K\u00f6rpers\n- f\u00fcr eine ganzheitliche Behandlung\nBestellungen die Mo-Fr bis 16:00 Uhr eingehen verlassen in der Regel noch am selben Tag unser Haus.\nDie Lieferzeit Ihrer Bestellung richtet sich nach dem Artikel mit der l\u00e4ngsten Lieferzeitangabe.\n[\n12,32*\n9,99*\n](https://www.apotheke.de/agropyron-globuli-velati-20g-pzn-01447861) [\nPZN 01447861\n(GP*: 499,50\u20ac/1 kg)\n](https://www.apotheke.de/agropyron-globuli-velati-20g-pzn-01447861) [\n](https://www.apotheke.de/agropyron-globuli-velati-20g-pzn-01447861)\n- anthroposophisches Arzneimittel\n- bei Erk\u00e4ltungen\n- nach hom\u00f6opathischem Verfahren hergestellt\n- mit Quecke, Zinnober und L\u00f6wenzahn\n- f\u00fcr eine ganzheitliche Behandlung\nBestellungen die Mo-Fr bis 16:00 Uhr eingehen verlassen in der Regel noch am selben Tag unser Haus.\nDie Lieferzeit Ihrer Bestellung richtet sich nach dem Artikel mit der l\u00e4ngsten Lieferzeitangabe.\n[\nHom\u00f6opathisch\n42,99*\n39,99*\n](https://www.apotheke.de/vertigoheel-arzneimittel-gegen-viele-formen-von-schwindel-100ml-pzn-01088959) [\nPZN 01088959\n(GP*: 399,90\u20ac/1 l)\n](https://www.apotheke.de/vertigoheel-arzneimittel-gegen-viele-formen-von-schwindel-100ml-pzn-01088959) [\n](https://www.apotheke.de/vertigoheel-arzneimittel-gegen-viele-formen-von-schwindel-100ml-pzn-01088959)\n- Reduziert nachweislich Intensit\u00e4t, Anzahl und Dauer der Schwindelattacken\n- F\u00fcr mehr Sicherheit und Lebensqualit\u00e4t\n- Ist dabei besonders gut vertr\u00e4glich\nBestellungen die Mo-Fr bis 16:00 Uhr eingehen verlassen in der Regel noch am selben Tag unser Haus.\nDie Lieferzeit Ihrer Bestellung richtet sich nach dem Artikel mit der l\u00e4ngsten Lieferzeitangabe.\n[\nHom\u00f6opathisch\n14,71*\n13,19*\n](https://www.apotheke.de/bronchobini-globuli-2g-pzn-10044240) [\nPZN 10044240\n(GP*: 6595,00\u20ac/1 kg)\n](https://www.apotheke.de/bronchobini-globuli-2g-pzn-10044240) [\n](https://www.apotheke.de/bronchobini-globuli-2g-pzn-10044240)\n- bereits f\u00fcr Babys ab dem 6 Monat\n- rasche Wirkung\n- Die nat\u00fcrlichen Inhaltsstoffe wirken gegen die Symptome von Erk\u00e4ltungshusten\nBestellungen die Mo-Fr bis 16:00 Uhr eingehen verlassen in der Regel noch am selben Tag unser Haus.\nDie Lieferzeit Ihrer Bestellung richtet sich nach dem Artikel mit der l\u00e4ngsten Lieferzeitangabe.\n[\n7,95*\n6,99*\n](https://www.apotheke.de/bachblueten-original-rescura-pastorange-holunder-50g-pzn-16391712) [\nPZN 16391712\n(GP*: 139,80\u20ac/1 kg)\n](https://www.apotheke.de/bachblueten-original-rescura-pastorange-holunder-50g-pzn-16391712) [\n](https://www.apotheke.de/bachblueten-original-rescura-pastorange-holunder-50g-pzn-16391712)\n- Namenswechsel: Aus RESCUE wird RESCURA. Sonst \u00e4ndert sich nichts\n- Unterst\u00fctzt das emotionale Wohlbefinden und die innere Balance\n- Enth\u00e4lt Edward Bach's ber\u00fchmte Bach-Bl\u00fctenmischung\n- Handgepfl\u00fcckt aus England\n- Die Original Bach RESCURA\u2122 Mischung in einer fruchtigen Pastille\nBestellungen die Mo-Fr bis 16:00 Uhr eingehen verlassen in der Regel noch am selben Tag unser Haus.\nDie Lieferzeit Ihrer Bestellung richtet sich nach dem Artikel mit der l\u00e4ngsten Lieferzeitangabe.\n[\nHom\u00f6opathisch\n10,98*\n9,79*\n](https://www.apotheke.de/arnica-d6-globuli-dhu-10g-pzn-01758443) [\nPZN 01758443\n(GP*: 979,00\u20ac/1 kg)\n](https://www.apotheke.de/arnica-d6-globuli-dhu-10g-pzn-01758443) [\n](https://www.apotheke.de/arnica-d6-globuli-dhu-10g-pzn-01758443)\n- Hom\u00f6opathisches Arzneimittel\n- Wirkt nach dem \u00c4hnlichkeitsprinzip\n- Reguliert die Selbstheilungskraft des K\u00f6rpers\n- F\u00fcr eine ganzheitliche Behandlung\nBestellungen die Mo-Fr bis 16:00 Uhr eingehen verlassen in der Regel noch am selben Tag unser Haus.\nDie Lieferzeit Ihrer Bestellung richtet sich nach dem Artikel mit der l\u00e4ngsten Lieferzeitangabe.\n[\n9,97*\n8,59*\n](https://www.apotheke.de/carum-carvi-kinderzaepfchen-10x1g-pzn-01448004) [\nPZN 01448004\n(GP*: 859,00\u20ac/1 kg)\n](https://www.apotheke.de/carum-carvi-kinderzaepfchen-10x1g-pzn-01448004) [\n](https://www.apotheke.de/carum-carvi-kinderzaepfchen-10x1g-pzn-01448004)\n- Anthroposophisches Arzneimittel\n- bei Verdauungsschw\u00e4che\n- bei Bl\u00e4hungen und Bauchkr\u00e4mpfen\nBestellungen die Mo-Fr bis 16:00 Uhr eingehen verlassen in der Regel noch am selben Tag unser Haus.\nDie Lieferzeit Ihrer Bestellung richtet sich nach dem Artikel mit der l\u00e4ngsten Lieferzeitangabe.\n[\n25,95*\n22,99*\n](https://www.apotheke.de/bachblueten-original-rescura-creme-150ml-pzn-16391847) [\nPZN 16391847\n(GP*: 153,26\u20ac/1 l)\n](https://www.apotheke.de/bachblueten-original-rescura-creme-150ml-pzn-16391847) [\n](https://www.apotheke.de/bachblueten-original-rescura-creme-150ml-pzn-16391847)\n- Beruhigt sensible und beanspruchte Haut\n- 3-in-1 Feuchtigkeitspflege f\u00fcr H\u00e4nde, Haut und Gesicht\n- Enth\u00e4lt Edward Bach's ber\u00fchmte Bach-Bl\u00fctenmischung\n- Nicht fettend und frei von Lanolin und Duftstoffen\n- F\u00fcr die ganze Familie\nBestellungen die Mo-Fr bis 16:00 Uhr eingehen verlassen in der Regel noch am selben Tag unser Haus.\nDie Lieferzeit Ihrer Bestellung richtet sich nach dem Artikel mit der l\u00e4ngsten Lieferzeitangabe.\n[\nHom\u00f6opathisch\n33,49*\n25,99*\n](https://www.apotheke.de/digesto-hevert-verdauungstropfen-100ml-pzn-11110269) [\nPZN 11110269\n(GP*: 259,90\u20ac/1 l)\n](https://www.apotheke.de/digesto-hevert-verdauungstropfen-100ml-pzn-11110269) [\n](https://www.apotheke.de/digesto-hevert-verdauungstropfen-100ml-pzn-11110269)\n- Lindern Magen-Darm-Beschwerden\n- F\u00f6rdern die Verdauung\n- individuell dosierbar\nBestellungen die Mo-Fr bis 16:00 Uhr eingehen verlassen in der Regel noch am selben Tag unser Haus.\nDie Lieferzeit Ihrer Bestellung richtet sich nach dem Artikel mit der l\u00e4ngsten Lieferzeitangabe.\n[\nHom\u00f6opathisch\n13,58*\n10,99*\n](https://www.apotheke.de/gripp-heel-zur-behandlung-grippaler-infekte-50stk-pzn-00433294) [\nPZN 00433294\n](https://www.apotheke.de/gripp-heel-zur-behandlung-grippaler-infekte-50stk-pzn-00433294) [\n](https://www.apotheke.de/gripp-heel-zur-behandlung-grippaler-infekte-50stk-pzn-00433294)\n- Unterst\u00fctzt die k\u00f6rpereigenen Abwehrkr\u00e4fte\n- Lindert die grippalen Symptome wie Fieber, Halsschmerzen, Gliederschmerzen, Entz\u00fcndungen der Atemwege\n- F\u00f6rdert die schnellere Ausheilung des Infekts\nBestellungen die Mo-Fr bis 16:00 Uhr eingehen verlassen in der Regel noch am selben Tag unser Haus.\nDie Lieferzeit Ihrer Bestellung richtet sich nach dem Artikel mit der l\u00e4ngsten Lieferzeitangabe.\n[\n18,55*\n13,89*\n](https://www.apotheke.de/bachblueten-original-rescura-tropfen-mit-alkohol-20ml-pzn-16391942) [\nPZN 16391942\n(GP*: 694,50\u20ac/1 l)\n](https://www.apotheke.de/bachblueten-original-rescura-tropfen-mit-alkohol-20ml-pzn-16391942) [\n](https://www.apotheke.de/bachblueten-original-rescura-tropfen-mit-alkohol-20ml-pzn-16391942)\n- Unterst\u00fctzt das emotionale Wohlbefinden und die innere Balance\n- Der ideale Wegbegleiter f\u00fcr an stressigen Tagen\n- Edward Bach's ber\u00fchmte Bach-Bl\u00fctenmischung, handgepfl\u00fcckt aus seinem Garten in England\n- Die Original Bach RESCURA\u2122 Mischung in der kultig gelben Flasche, bew\u00e4hrt seit \u00fcber 90 Jahren\nBestellungen die Mo-Fr bis 16:00 Uhr eingehen verlassen in der Regel noch am selben Tag unser Haus.\nDie Lieferzeit Ihrer Bestellung richtet sich nach dem Artikel mit der l\u00e4ngsten Lieferzeitangabe.\n[\nHom\u00f6opathisch\n29,95*\n25,99*\n](https://www.apotheke.de/biochemie-pflueger-7-magnesium-phosphoricum-d6-tabletten-1000stk-pzn-06319352) [\nPZN 06319352\n](https://www.apotheke.de/biochemie-pflueger-7-magnesium-phosphoricum-d6-tabletten-1000stk-pzn-06319352) [\n](https://www.apotheke.de/biochemie-pflueger-7-magnesium-phosphoricum-d6-tabletten-1000stk-pzn-06319352)\n- Basissalz aus Magnesium phosphoricum D6\n- F\u00fcr verschiedenste Bereiche geeignet\nBestellungen die Mo-Fr bis 16:00 Uhr eingehen verlassen in der Regel noch am selben Tag unser Haus.\nDie Lieferzeit Ihrer Bestellung richtet sich nach dem Artikel mit der l\u00e4ngsten Lieferzeitangabe.\n[\nHom\u00f6opathisch\n29,95*\n20,99*\n](https://www.apotheke.de/derivatio-tabletten-200stk-pzn-02782283) [\nPZN 02782283\n](https://www.apotheke.de/derivatio-tabletten-200stk-pzn-02782283) [\n](https://www.apotheke.de/derivatio-tabletten-200stk-pzn-02782283)\n- hom\u00f6opathisches Arzneimittel\n- wirken nach dem \u00c4hnlichkeitsprinzip\n- f\u00fcr eine ganzheitliche Behandlung\n- regulieren die Selbstheilungskr\u00e4fte des K\u00f6rpers\n- bei verschiedenen Krankheitsbildern einsetzbar\nBestellungen die Mo-Fr bis 16:00 Uhr eingehen verlassen in der Regel noch am selben Tag unser Haus.\nDie Lieferzeit Ihrer Bestellung richtet sich nach dem Artikel mit der l\u00e4ngsten Lieferzeitangabe.\n[\nHom\u00f6opathisch\n25,97*\n22,99*\n](https://www.apotheke.de/ubichinon-compositus-ampullen-10stk-pzn-04314273) [\nPZN 04314273\n](https://www.apotheke.de/ubichinon-compositus-ampullen-10stk-pzn-04314273) [\n](https://www.apotheke.de/ubichinon-compositus-ampullen-10stk-pzn-04314273)\n- nur Original-Markenmedikamente\n- Bonus f\u00fcr Selbstzahler-Rezepte10)\n- Versandkostenfreie Lieferung**\nBestellungen die Mo-Fr bis 16:00 Uhr eingehen verlassen in der Regel noch am selben Tag unser Haus.\nDie Lieferzeit Ihrer Bestellung richtet sich nach dem Artikel mit der l\u00e4ngsten Lieferzeitangabe.\n[\n13,45*\n12,89*\n](https://www.apotheke.de/bachblueten-original-rescura-tropfen-mit-alkohol-10ml-pzn-16391936) [\nPZN 16391936\n(GP*: 1289,00\u20ac/1 l)\n](https://www.apotheke.de/bachblueten-original-rescura-tropfen-mit-alkohol-10ml-pzn-16391936) [\n](https://www.apotheke.de/bachblueten-original-rescura-tropfen-mit-alkohol-10ml-pzn-16391936)\n- Unterst\u00fctzt das emotionale Wohlbefinden und die innere Balance\n- Der ideale Wegbegleiter f\u00fcr an stressigen Tagen\n- Edward Bach's ber\u00fchmte Bach-Bl\u00fctenmischung, handgepfl\u00fcckt aus seinem Garten in England\n- Die Original Bach RESCURA\u2122 Mischung in der kultig gelben Flasche, bew\u00e4hrt seit \u00fcber 90 Jahren\nBestellungen die Mo-Fr bis 16:00 Uhr eingehen verlassen in der Regel noch am selben Tag unser Haus.\nDie Lieferzeit Ihrer Bestellung richtet sich nach dem Artikel mit der l\u00e4ngsten Lieferzeitangabe.\n[\nHom\u00f6opathisch\n50,97*\n39,99*\n](https://www.apotheke.de/engystol-zur-immunstaerkung-bei-grippalen-infekten-250stk-pzn-04871312) [\nPZN 04871312\n](https://www.apotheke.de/engystol-zur-immunstaerkung-bei-grippalen-infekten-250stk-pzn-04871312) [\n](https://www.apotheke.de/engystol-zur-immunstaerkung-bei-grippalen-infekten-250stk-pzn-04871312)\n- St\u00e4rkt das Immunsystem bei grippalen Infekten\n- Regt die k\u00f6rpereigenen Abwehrmechanismen auf nat\u00fcrliche Weise an\n- Gut vertr\u00e4glich\n- Bereits f\u00fcr Kinder ab dem ersten Lebensjahr geeignet\nBestellungen die Mo-Fr bis 16:00 Uhr eingehen verlassen in der Regel noch am selben Tag unser Haus.\nDie Lieferzeit Ihrer Bestellung richtet sich nach dem Artikel mit der l\u00e4ngsten Lieferzeitangabe.\n[\n7,95*\n7,59*\n](https://www.apotheke.de/bachblueten-original-rescura-pastillen-zitrone-50g-pzn-16391735) [\nPZN 16391735\n(GP*: 151,80\u20ac/1 kg)\n](https://www.apotheke.de/bachblueten-original-rescura-pastillen-zitrone-50g-pzn-16391735) [\n](https://www.apotheke.de/bachblueten-original-rescura-pastillen-zitrone-50g-pzn-16391735)\n- Namenswechsel: Aus RESCUE wird RESCURA. Sonst \u00e4ndert sich nichts\n- Unterst\u00fctzt das emotionale Wohlbefinden und die innere Balance\n- Enth\u00e4lt Edward Bach's ber\u00fchmte Bach-Bl\u00fctenmischung\n- Handgepfl\u00fcckt aus England\n- Die Original Bach RESCURA\u2122 Mischung in einer fruchtigen Pastille\nBestellungen die Mo-Fr bis 16:00 Uhr eingehen verlassen in der Regel noch am selben Tag unser Haus.\nDie Lieferzeit Ihrer Bestellung richtet sich nach dem Artikel mit der l\u00e4ngsten Lieferzeitangabe.\nDie Hom\u00f6opathie ist eine mit rein nat\u00fcrlichen Substanzen aus der Welt der Pflanzen, Tiere oder Mineralien arbeitende Heilwissenschaft. Die Behandlung des Patienten erfolgt mit sanften Arzneien, die in winzigsten Konzentrationen verabreicht werden.\nBei der Hom\u00f6opathie handelt es sich um eine nat\u00fcrliche alternative Heilmethode, welche f\u00fcr den Organismus besonders vertr\u00e4glich ist. Eine Vielzahl von Erkrankungen lassen sich so behandeln.\nIn dieser Kategorie finden Sie eine Auswahl an Herstellern von hom\u00f6opathischen Arzneimitteln.", "language": null, "image": "https://www.apotheke.de/templates/apotheke_de/img/layout/shop_logo_open_graph.png", "pagetype": "website", "links": ["https://www.apotheke.de/", "https://www.apotheke.de/login.php", "https://www.apotheke.de/password_double_opt.php", null, "https://www.apotheke.de/login.php", "https://www.apotheke.de/sicherheitsserver", "https://www.apotheke.de/kontakt", "https://www.apotheke.de/team", "https://www.apotheke.de/markenprodukte-apodiscounterde-c-3020", "https://www.apotheke.de/beschwerdefrei-c-3034", "https://www.apotheke.de/gesunde-ernaehrung-c-3035", "https://www.apotheke.de/kosmetik-c-3038", "https://www.apotheke.de/hausapotheke-c-3037", "https://www.apotheke.de/gratis-aktionen-c-1905", "https://www.apotheke.de/aktionspakete-c-2090", "https://www.apotheke.de/gratiszugaben-c-2057", "https://www.apotheke.de/knallerpreise-c-2203", "https://www.apotheke.de/neu-im-sortiment-c-699", "https://www.apotheke.de/erkaeltung-immunsystem-c-261", "https://www.apotheke.de/erkaeltungspakete-c-3760", "https://www.apotheke.de/grippe-erkaeltung-allgemein-c-423", "https://www.apotheke.de/erkaeltung-c-280", "https://www.apotheke.de/halsschmerzen-c-281", "https://www.apotheke.de/husten-c-282", "https://www.apotheke.de/fiebermittel-c-4102", "https://www.apotheke.de/nebenhoehlenentzuendung-c-586", "https://www.apotheke.de/schnupfen-c-283", "https://www.apotheke.de/erkaeltung-vorbeugen-c-571", "https://www.apotheke.de/grippe-medikamente-c-3805", "https://www.apotheke.de/vegan-vegetarisch-c-2425", "https://www.apotheke.de/vegan-c-2426", "https://www.apotheke.de/vegetarisch-c-2427", "https://www.apotheke.de/fit-und-schlank-c-257", "https://www.apotheke.de/abnehmen-c-273", "https://www.apotheke.de/entschlackung-c-557", "https://www.apotheke.de/sportlernahrung-c-2315", "https://www.apotheke.de/superfoods-c-742", "https://www.apotheke.de/supplemente-c-271", "https://www.apotheke.de/rauchentwoehnung-c-272", "https://www.apotheke.de/augen-ohren-c-259", "https://www.apotheke.de/augen-c-397", "https://www.apotheke.de/ohrgesundheit-c-403", "https://www.apotheke.de/haut-und-haar-c-263", "https://www.apotheke.de/fusspflege-c-554", "https://www.apotheke.de/haarausfall-c-327", "https://www.apotheke.de/haut-haare-naegel-c-1141", "https://www.apotheke.de/hautpflege-c-548", "https://www.apotheke.de/laeuse-co-c-556", "https://www.apotheke.de/lippenherpes-c-290", "https://www.apotheke.de/pilzerkrankung-c-329", "https://www.apotheke.de/warzen-c-330", "https://www.apotheke.de/wundheilung-c-328", "https://www.apotheke.de/cortisonsalbe-c-3326", "https://www.apotheke.de/kraetze-behandlung-c-4056", "https://www.apotheke.de/magen-und-darm-c-266", "https://www.apotheke.de/abfuehrmittel-c-4144", "https://www.apotheke.de/blaehungen-und-voellegefuehl-c-305", "https://www.apotheke.de/darmsanierung-produkte-c-5049", "https://www.apotheke.de/durchfall-c-306", "https://www.apotheke.de/erbrechen-und-belkeit-c-2137", "https://www.apotheke.de/haemorrhoiden-c-307", "https://www.apotheke.de/laktoseintoleranz-c-2066", "https://www.apotheke.de/leberschutz-c-407", "https://www.apotheke.de/magen-darm-grippe-c-3806", "https://www.apotheke.de/probiotik-c-2513", "https://www.apotheke.de/sodbrennen-c-308", "https://www.apotheke.de/verdauung-c-309", "https://www.apotheke.de/verstopfung-c-310", "https://www.apotheke.de/schmerzmittel-c-269", "https://www.apotheke.de/schmerzmittel-allgemein-c-434", "https://www.apotheke.de/schmerzmittel-bei-entzuendungen-c-314", "https://www.apotheke.de/schmerzmittel-gelenke-ruecken-c-582", "https://www.apotheke.de/kopfschmerzen-c-572", "https://www.apotheke.de/ohrenschmerzen-c-315", "https://www.apotheke.de/regelschmerzen-c-466", "https://www.apotheke.de/schmerzmittel-wirkstoffe-c-460", "https://www.apotheke.de/schmerzmittel-beliebte-produkte-c-3853", "https://www.apotheke.de/zahnschmerzen-c-319", "https://www.apotheke.de/schmerzmittel-marken-c-1776", "https://www.apotheke.de/familie-c-260", "https://www.apotheke.de/familie-allgemein-c-422", "https://www.apotheke.de/baby-und-kind-c-276", "https://www.apotheke.de/frau-und-mutter-c-535", "https://www.apotheke.de/gesunde-naschereien-c-515", "https://www.apotheke.de/schwangerschaftstest-c-278", "https://www.apotheke.de/sex-lifestyle-c-1526", "https://www.apotheke.de/stillzeit-c-3790", "https://www.apotheke.de/tee-c-2327", "https://www.apotheke.de/verhuetung-c-279", "https://www.apotheke.de/kosmetik-und-pflege-c-265", "https://www.apotheke.de/koerperpflege-c-299", "https://www.apotheke.de/naturkosmetik-c-4137", "https://www.apotheke.de/gesichtspflege-c-294", "https://www.apotheke.de/babypflege-c-439", "https://www.apotheke.de/maennerpflege-c-2495", "https://www.apotheke.de/sonnenschutz-c-300", "https://www.apotheke.de/schwangerschaft-c-277", "https://www.apotheke.de/wellness-c-443", "https://www.apotheke.de/schoenheit-von-innen-c-3477", "https://www.apotheke.de/kosmetikmarken-c-1775", "https://www.apotheke.de/tierversuchsfreie-kosmetik-c-4080", "https://www.apotheke.de/muskeln-und-gelenke-c-268", "https://www.apotheke.de/gelenke-allgemein-c-433", "https://www.apotheke.de/arthrose-gelenke-c-478", "https://www.apotheke.de/bandagen-c-3817", "https://www.apotheke.de/gelenke-ruecken-c-2202", "https://www.apotheke.de/muskelkraempfe-c-480", "https://www.apotheke.de/osteoporose-c-481", "https://www.apotheke.de/prellung-zerrung-verstauchung-c-479", "https://www.apotheke.de/rheumatische-erkrankung-c-477", "https://www.apotheke.de/vital-und-mineralstoffe-c-270", "https://www.apotheke.de/aufbaupraeparate-c-1140", "https://www.apotheke.de/ernaehrungsmedizin-c-322", "https://www.apotheke.de/lebensqualitaet-c-324", "https://www.apotheke.de/mineralstoffe-c-2640", "https://www.apotheke.de/multivitamine-c-321", "https://www.apotheke.de/vitamine-allgemein-c-435", "https://www.apotheke.de/zu-den-marken-c-1145", "https://www.apotheke.de/antioxidantien-c-3528", "https://www.apotheke.de/herz-und-kreislauf-c-588", "https://www.apotheke.de/arterielle-durchblutungsstoerung-c-589", "https://www.apotheke.de/blutarmut-c-593", "https://www.apotheke.de/diabetes-c-2059", "https://www.apotheke.de/erhoehte-blutfette-c-592", "https://www.apotheke.de/gedaechtnis-konzentration-c-2064", "https://www.apotheke.de/herz-staerken-c-274", "https://www.apotheke.de/kreislauf-unterstuetzen-c-590", "https://www.apotheke.de/medizinische-geraete-blutdruck-c-472", "https://www.apotheke.de/venenerkrankung-c-591", "https://www.apotheke.de/herz-kreislauf-zubehoer-c-2457", "https://www.apotheke.de/allergie-c-258", "https://www.apotheke.de/allerg-bindehautentzuendung-c-559", "https://www.apotheke.de/allergietabletten-und-tropfen-c-388", "https://www.apotheke.de/allergische-hauterkrankung-c-558", "https://www.apotheke.de/allergischer-schnupfen-c-560", "https://www.apotheke.de/allergie-pakete-und-kombipackungen-c-394", "https://www.apotheke.de/allergie-wirkstoffe-c-5035", "https://www.apotheke.de/allergiesaft-c-4053", "https://www.apotheke.de/harnwege-blase-c-594", "https://www.apotheke.de/blasenentzuendung-c-2549", "https://www.apotheke.de/blasenprobleme-c-595", "https://www.apotheke.de/entwaesserung-c-596", "https://www.apotheke.de/inkontinenz-c-597", "https://www.apotheke.de/prostatabeschwerden-c-598", "https://www.apotheke.de/naturheilkunde-c-264", "https://www.apotheke.de/reise-und-hausapotheke-c-262", "https://www.apotheke.de/reiseapotheke-augen-c-483", "https://www.apotheke.de/reiseapotheke-beruhigung-und-schlaf-c-505", "https://www.apotheke.de/reiseapotheke-durchfall-c-499", "https://www.apotheke.de/reiseapotheke-erkaeltung-grippe-c-494", "https://www.apotheke.de/insektenschutz-c-509", "https://www.apotheke.de/reiseapotheke-mund-c-491", "https://www.apotheke.de/reiseapotheke-ohren-c-488", "https://www.apotheke.de/reisekrankheit-c-508", "https://www.apotheke.de/reiseapotheke-schmerzen-fieber-c-511", "https://www.apotheke.de/sonnenbrand-insektenstich-c-510", "https://www.apotheke.de/sonnenschutz-c-512", "https://www.apotheke.de/taschenapotheken-c-340", "https://www.apotheke.de/wundversorgung-c-502", "https://www.apotheke.de/tierarznei-c-1231", "https://www.apotheke.de/medikamente-fuer-hunde-c-1532", "https://www.apotheke.de/medikamente-fuer-katzen-c-1531", "https://www.apotheke.de/selbsttest-c-3612", "https://www.apotheke.de/corona-test-c-6001", "https://www.apotheke.de/alkoholtest-drogentest-c-3613", "https://www.apotheke.de/hiv-selbsttest-c-3761", "https://www.apotheke.de/blutzuckertest-c-3617", "https://www.apotheke.de/cholesterin-test-c-3622", "https://www.apotheke.de/darmkrebs-test-c-3623", "https://www.apotheke.de/urintest-stuhltest-c-3624", "https://www.apotheke.de/test-unvertraeglichkeiten-c-3625", "https://www.apotheke.de/schwangerschafts-ovulationstest-c-3629", "https://www.apotheke.de/sonstige-tests-c-3630", "https://www.apotheke.de/krankenpflege-c-3893", "https://www.apotheke.de/aufbaunahrung-c-3914", "https://www.apotheke.de/einnahmehilfen-c-3917", "https://www.apotheke.de/handschuhe-mundschutz-c-3931", "https://www.apotheke.de/desinfektion-c-500", "https://www.apotheke.de/pflegeboxen-c-5002", "https://www.apotheke.de/pflegeboxen-c-5002", "https://www.apotheke.de/", "https://www.apotheke.de/naturheilkunde-c-264", "https://www.apotheke.de/a-pflueger-gmbh-co-kg-c-339", "https://www.apotheke.de/bach-blueten-c-384", "https://www.apotheke.de/bombastus-c-341", "https://www.apotheke.de/dhu-schuessler-salze-c-379", "https://www.apotheke.de/heel-gmbh-c-2089", "https://www.apotheke.de/hevert-arzneimittel-c-2086", "https://www.apotheke.de/hexal-phyto-c-2307", "https://www.apotheke.de/wala-heilmittel-gmbh-c-2085", "https://www.apotheke.de/naturheilkunde-hersteller-c-415?layout=list", "javascript:void(0);", "javascript:void(0);", "javascript:void(0);", "javascript:void(0);", "javascript:void(0);", "javascript:void(0);", "javascript:void(0);", "javascript:void(0);", "javascript:void(0);", "https://www.apotheke.de/naturheilkunde-hersteller-c-415#mehr_lesen", "https://www.apotheke.de/euphrasia-augentropfen-30x05ml-pzn-01448168", "https://www.apotheke.de/euphrasia-augentropfen-30x05ml-pzn-01448168", "https://www.apotheke.de/euphrasia-augentropfen-30x05ml-pzn-01448168", "https://www.apotheke.de/euphrasia-augentropfen-30x05ml-pzn-01448168/erfahrungen", "https://www.apotheke.de/euphrasia-augentropfen-30x05ml-pzn-01448168", "https://www.apotheke.de/euphrasia-augentropfen-30x05ml-pzn-01448168", "https://www.apotheke.de/vertigoheel-arzneimittel-gegen-viele-formen-von-schwindel-250stk-pzn-01088971", "https://www.apotheke.de/vertigoheel-arzneimittel-gegen-viele-formen-von-schwindel-250stk-pzn-01088971", "https://www.apotheke.de/vertigoheel-arzneimittel-gegen-viele-formen-von-schwindel-250stk-pzn-01088971", "https://www.apotheke.de/vertigoheel-arzneimittel-gegen-viele-formen-von-schwindel-250stk-pzn-01088971/erfahrungen", "https://www.apotheke.de/vertigoheel-arzneimittel-gegen-viele-formen-von-schwindel-250stk-pzn-01088971", "https://www.apotheke.de/vertigoheel-arzneimittel-gegen-viele-formen-von-schwindel-250stk-pzn-01088971", "https://www.apotheke.de/strophanthus-hevert-tropfen-100ml-pzn-02767585", "https://www.apotheke.de/strophanthus-hevert-tropfen-100ml-pzn-02767585", "https://www.apotheke.de/strophanthus-hevert-tropfen-100ml-pzn-02767585", "https://www.apotheke.de/strophanthus-hevert-tropfen-100ml-pzn-02767585/erfahrungen", "https://www.apotheke.de/strophanthus-hevert-tropfen-100ml-pzn-02767585", "https://www.apotheke.de/strophanthus-hevert-tropfen-100ml-pzn-02767585", "https://www.apotheke.de/aconit-schmerzoel-100ml-pzn-01448576", "https://www.apotheke.de/aconit-schmerzoel-100ml-pzn-01448576", "https://www.apotheke.de/aconit-schmerzoel-100ml-pzn-01448576", "https://www.apotheke.de/aconit-schmerzoel-100ml-pzn-01448576/erfahrungen", "https://www.apotheke.de/aconit-schmerzoel-100ml-pzn-01448576", "https://www.apotheke.de/aconit-schmerzoel-100ml-pzn-01448576", "https://www.apotheke.de/bachblueten-original-rescura-pets-tropfen-alkoholfrei-10ml-pzn-16391899", "https://www.apotheke.de/bachblueten-original-rescura-pets-tropfen-alkoholfrei-10ml-pzn-16391899", "https://www.apotheke.de/bachblueten-original-rescura-pets-tropfen-alkoholfrei-10ml-pzn-16391899", "https://www.apotheke.de/bachblueten-original-rescura-pets-tropfen-alkoholfrei-10ml-pzn-16391899/erfahrungen", "https://www.apotheke.de/bachblueten-original-rescura-pets-tropfen-alkoholfrei-10ml-pzn-16391899", "https://www.apotheke.de/bachblueten-original-rescura-pets-tropfen-alkoholfrei-10ml-pzn-16391899", "https://www.apotheke.de/sinusitis-hevert-sl-tabletten-100stk-pzn-02785005", "https://www.apotheke.de/sinusitis-hevert-sl-tabletten-100stk-pzn-02785005", "https://www.apotheke.de/sinusitis-hevert-sl-tabletten-100stk-pzn-02785005", "https://www.apotheke.de/sinusitis-hevert-sl-tabletten-100stk-pzn-02785005/erfahrungen", "https://www.apotheke.de/sinusitis-hevert-sl-tabletten-100stk-pzn-02785005", "https://www.apotheke.de/sinusitis-hevert-sl-tabletten-100stk-pzn-02785005", "https://www.apotheke.de/bachblueten-original-rescura-tropfen-alkoholfrei-20ml-pzn-16391818", "https://www.apotheke.de/bachblueten-original-rescura-tropfen-alkoholfrei-20ml-pzn-16391818", "https://www.apotheke.de/bachblueten-original-rescura-tropfen-alkoholfrei-20ml-pzn-16391818", "https://www.apotheke.de/bachblueten-original-rescura-tropfen-alkoholfrei-20ml-pzn-16391818/erfahrungen", "https://www.apotheke.de/bachblueten-original-rescura-tropfen-alkoholfrei-20ml-pzn-16391818", "https://www.apotheke.de/bachblueten-original-rescura-tropfen-alkoholfrei-20ml-pzn-16391818", "https://www.apotheke.de/vitamin-d3-hevert-2000-ie-tabletten-120stk-pzn-11295441", "https://www.apotheke.de/vitamin-d3-hevert-2000-ie-tabletten-120stk-pzn-11295441", "https://www.apotheke.de/vitamin-d3-hevert-2000-ie-tabletten-120stk-pzn-11295441", "https://www.apotheke.de/vitamin-d3-hevert-2000-ie-tabletten-120stk-pzn-11295441/erfahrungen", "https://www.apotheke.de/vitamin-d3-hevert-2000-ie-tabletten-120stk-pzn-11295441", "https://www.apotheke.de/vitamin-d3-hevert-2000-ie-tabletten-120stk-pzn-11295441", "https://www.apotheke.de/vertigoheel-arzneimittel-gegen-viele-formen-von-schwindel-100stk-pzn-06979686", "https://www.apotheke.de/vertigoheel-arzneimittel-gegen-viele-formen-von-schwindel-100stk-pzn-06979686", "https://www.apotheke.de/vertigoheel-arzneimittel-gegen-viele-formen-von-schwindel-100stk-pzn-06979686", "https://www.apotheke.de/vertigoheel-arzneimittel-gegen-viele-formen-von-schwindel-100stk-pzn-06979686/erfahrungen", "https://www.apotheke.de/vertigoheel-arzneimittel-gegen-viele-formen-von-schwindel-100stk-pzn-06979686", "https://www.apotheke.de/vertigoheel-arzneimittel-gegen-viele-formen-von-schwindel-100stk-pzn-06979686", "https://www.apotheke.de/vitamin-d3-hevert-4000-internationale-einheiten-tabletten-90stk-pzn-11295470", "https://www.apotheke.de/vitamin-d3-hevert-4000-internationale-einheiten-tabletten-90stk-pzn-11295470", "https://www.apotheke.de/vitamin-d3-hevert-4000-internationale-einheiten-tabletten-90stk-pzn-11295470", "https://www.apotheke.de/vitamin-d3-hevert-4000-internationale-einheiten-tabletten-90stk-pzn-11295470/erfahrungen", "https://www.apotheke.de/vitamin-d3-hevert-4000-internationale-einheiten-tabletten-90stk-pzn-11295470", "https://www.apotheke.de/vitamin-d3-hevert-4000-internationale-einheiten-tabletten-90stk-pzn-11295470", "https://www.apotheke.de/euphrasia-augentropfen-5x05ml-pzn-01448174", "https://www.apotheke.de/euphrasia-augentropfen-5x05ml-pzn-01448174", "https://www.apotheke.de/euphrasia-augentropfen-5x05ml-pzn-01448174", "https://www.apotheke.de/euphrasia-augentropfen-5x05ml-pzn-01448174/erfahrungen", "https://www.apotheke.de/euphrasia-augentropfen-5x05ml-pzn-01448174", "https://www.apotheke.de/euphrasia-augentropfen-5x05ml-pzn-01448174", "https://www.apotheke.de/bachblueten-original-rescura-tropfen-alkoholfrei-10ml-pzn-16391801", "https://www.apotheke.de/bachblueten-original-rescura-tropfen-alkoholfrei-10ml-pzn-16391801", "https://www.apotheke.de/bachblueten-original-rescura-tropfen-alkoholfrei-10ml-pzn-16391801", "https://www.apotheke.de/bachblueten-original-rescura-tropfen-alkoholfrei-10ml-pzn-16391801", "https://www.apotheke.de/bachblueten-original-rescura-tropfen-alkoholfrei-10ml-pzn-16391801", "https://www.apotheke.de/aconit-schmerzoel-50ml-pzn-01448582", "https://www.apotheke.de/aconit-schmerzoel-50ml-pzn-01448582", "https://www.apotheke.de/aconit-schmerzoel-50ml-pzn-01448582", "https://www.apotheke.de/aconit-schmerzoel-50ml-pzn-01448582", "https://www.apotheke.de/aconit-schmerzoel-50ml-pzn-01448582", "https://www.apotheke.de/plantago-hustensaft-90ml-pzn-01448435", "https://www.apotheke.de/plantago-hustensaft-90ml-pzn-01448435", "https://www.apotheke.de/plantago-hustensaft-90ml-pzn-01448435", "https://www.apotheke.de/plantago-hustensaft-90ml-pzn-01448435", "https://www.apotheke.de/plantago-hustensaft-90ml-pzn-01448435", "https://www.apotheke.de/mucosa-compositum-ampullen-10stk-pzn-04313575", "https://www.apotheke.de/mucosa-compositum-ampullen-10stk-pzn-04313575", "https://www.apotheke.de/mucosa-compositum-ampullen-10stk-pzn-04313575", "https://www.apotheke.de/mucosa-compositum-ampullen-10stk-pzn-04313575", "https://www.apotheke.de/mucosa-compositum-ampullen-10stk-pzn-04313575", "https://www.apotheke.de/aconit-ohrentropfen-10ml-pzn-01448553", "https://www.apotheke.de/aconit-ohrentropfen-10ml-pzn-01448553", "https://www.apotheke.de/aconit-ohrentropfen-10ml-pzn-01448553", "https://www.apotheke.de/aconit-ohrentropfen-10ml-pzn-01448553/erfahrungen", "https://www.apotheke.de/aconit-ohrentropfen-10ml-pzn-01448553", "https://www.apotheke.de/aconit-ohrentropfen-10ml-pzn-01448553", "https://www.apotheke.de/vitamin-b-komplex-forte-hevert-tabletten-100stk-pzn-05003931", "https://www.apotheke.de/vitamin-b-komplex-forte-hevert-tabletten-100stk-pzn-05003931", "https://www.apotheke.de/vitamin-b-komplex-forte-hevert-tabletten-100stk-pzn-05003931", "https://www.apotheke.de/vitamin-b-komplex-forte-hevert-tabletten-100stk-pzn-05003931/erfahrungen", "https://www.apotheke.de/vitamin-b-komplex-forte-hevert-tabletten-100stk-pzn-05003931", "https://www.apotheke.de/vitamin-b-komplex-forte-hevert-tabletten-100stk-pzn-05003931", "https://www.apotheke.de/calmvalera-hevert-tropfen-100ml-pzn-06560421", "https://www.apotheke.de/calmvalera-hevert-tropfen-100ml-pzn-06560421", "https://www.apotheke.de/calmvalera-hevert-tropfen-100ml-pzn-06560421", "https://www.apotheke.de/calmvalera-hevert-tropfen-100ml-pzn-06560421/erfahrungen", "https://www.apotheke.de/calmvalera-hevert-tropfen-100ml-pzn-06560421", "https://www.apotheke.de/calmvalera-hevert-tropfen-100ml-pzn-06560421", "https://www.apotheke.de/zeel-compositus-n-tabletten-250stk-pzn-02464175", "https://www.apotheke.de/zeel-compositus-n-tabletten-250stk-pzn-02464175", "https://www.apotheke.de/zeel-compositus-n-tabletten-250stk-pzn-02464175", "https://www.apotheke.de/zeel-compositus-n-tabletten-250stk-pzn-02464175/erfahrungen", "https://www.apotheke.de/zeel-compositus-n-tabletten-250stk-pzn-02464175", "https://www.apotheke.de/zeel-compositus-n-tabletten-250stk-pzn-02464175", "https://www.apotheke.de/engystol-zur-immunstaerkung-bei-grippalen-infekten-50stk-pzn-04871306", "https://www.apotheke.de/engystol-zur-immunstaerkung-bei-grippalen-infekten-50stk-pzn-04871306", "https://www.apotheke.de/engystol-zur-immunstaerkung-bei-grippalen-infekten-50stk-pzn-04871306", "https://www.apotheke.de/engystol-zur-immunstaerkung-bei-grippalen-infekten-50stk-pzn-04871306/erfahrungen", "https://www.apotheke.de/engystol-zur-immunstaerkung-bei-grippalen-infekten-50stk-pzn-04871306", "https://www.apotheke.de/engystol-zur-immunstaerkung-bei-grippalen-infekten-50stk-pzn-04871306", "https://www.apotheke.de/arnica-d12-globuli-dhu-10g-pzn-02110230", "https://www.apotheke.de/arnica-d12-globuli-dhu-10g-pzn-02110230", "https://www.apotheke.de/arnica-d12-globuli-dhu-10g-pzn-02110230", "https://www.apotheke.de/arnica-d12-globuli-dhu-10g-pzn-02110230/erfahrungen", "https://www.apotheke.de/arnica-d12-globuli-dhu-10g-pzn-02110230", "https://www.apotheke.de/arnica-d12-globuli-dhu-10g-pzn-02110230", "https://www.apotheke.de/nux-vomica-c30-globuli-10g-pzn-02803192", "https://www.apotheke.de/nux-vomica-c30-globuli-10g-pzn-02803192", "https://www.apotheke.de/nux-vomica-c30-globuli-10g-pzn-02803192", "https://www.apotheke.de/nux-vomica-c30-globuli-10g-pzn-02803192/erfahrungen", "https://www.apotheke.de/nux-vomica-c30-globuli-10g-pzn-02803192", "https://www.apotheke.de/nux-vomica-c30-globuli-10g-pzn-02803192", "https://www.apotheke.de/lymphomyosot-tabletten-250stk-pzn-04926697", "https://www.apotheke.de/lymphomyosot-tabletten-250stk-pzn-04926697", "https://www.apotheke.de/lymphomyosot-tabletten-250stk-pzn-04926697", "https://www.apotheke.de/lymphomyosot-tabletten-250stk-pzn-04926697/erfahrungen", "https://www.apotheke.de/lymphomyosot-tabletten-250stk-pzn-04926697", "https://www.apotheke.de/lymphomyosot-tabletten-250stk-pzn-04926697", "https://www.apotheke.de/bachblueten-original-rescura-pastschwjohannisb-50g-pzn-16391729", "https://www.apotheke.de/bachblueten-original-rescura-pastschwjohannisb-50g-pzn-16391729", "https://www.apotheke.de/bachblueten-original-rescura-pastschwjohannisb-50g-pzn-16391729", "https://www.apotheke.de/bachblueten-original-rescura-pastschwjohannisb-50g-pzn-16391729/erfahrungen", "https://www.apotheke.de/bachblueten-original-rescura-pastschwjohannisb-50g-pzn-16391729", "https://www.apotheke.de/bachblueten-original-rescura-pastschwjohannisb-50g-pzn-16391729", "https://www.apotheke.de/schuessler-salze-biochemie-pflueger-3-ferrum-phos-d12-tbl-400stk-pzn-06318861", "https://www.apotheke.de/schuessler-salze-biochemie-pflueger-3-ferrum-phos-d12-tbl-400stk-pzn-06318861", "https://www.apotheke.de/schuessler-salze-biochemie-pflueger-3-ferrum-phos-d12-tbl-400stk-pzn-06318861", "https://www.apotheke.de/schuessler-salze-biochemie-pflueger-3-ferrum-phos-d12-tbl-400stk-pzn-06318861/erfahrungen", "https://www.apotheke.de/schuessler-salze-biochemie-pflueger-3-ferrum-phos-d12-tbl-400stk-pzn-06318861", "https://www.apotheke.de/schuessler-salze-biochemie-pflueger-3-ferrum-phos-d12-tbl-400stk-pzn-06318861", "https://www.apotheke.de/bachblueten-original-rescura-kids-tropfen-alkoholfrei-10ml-pzn-16391876", "https://www.apotheke.de/bachblueten-original-rescura-kids-tropfen-alkoholfrei-10ml-pzn-16391876", "https://www.apotheke.de/bachblueten-original-rescura-kids-tropfen-alkoholfrei-10ml-pzn-16391876", "https://www.apotheke.de/bachblueten-original-rescura-kids-tropfen-alkoholfrei-10ml-pzn-16391876/erfahrungen", "https://www.apotheke.de/bachblueten-original-rescura-kids-tropfen-alkoholfrei-10ml-pzn-16391876", "https://www.apotheke.de/bachblueten-original-rescura-kids-tropfen-alkoholfrei-10ml-pzn-16391876", "https://www.apotheke.de/zeel-compositus-n-ampullen-10stk-pzn-00277836", "https://www.apotheke.de/zeel-compositus-n-ampullen-10stk-pzn-00277836", "https://www.apotheke.de/zeel-compositus-n-ampullen-10stk-pzn-00277836", "https://www.apotheke.de/zeel-compositus-n-ampullen-10stk-pzn-00277836", "https://www.apotheke.de/zeel-compositus-n-ampullen-10stk-pzn-00277836", "https://www.apotheke.de/kohle-hevert-100stk-pzn-06968642", "https://www.apotheke.de/kohle-hevert-100stk-pzn-06968642", "https://www.apotheke.de/kohle-hevert-100stk-pzn-06968642", "https://www.apotheke.de/kohle-hevert-100stk-pzn-06968642/erfahrungen", "https://www.apotheke.de/kohle-hevert-100stk-pzn-06968642", "https://www.apotheke.de/kohle-hevert-100stk-pzn-06968642", "https://www.apotheke.de/bachblueten-original-rescura-night-tropfen-alkoholfrei-20ml-pzn-16391787", "https://www.apotheke.de/bachblueten-original-rescura-night-tropfen-alkoholfrei-20ml-pzn-16391787", "https://www.apotheke.de/bachblueten-original-rescura-night-tropfen-alkoholfrei-20ml-pzn-16391787", "https://www.apotheke.de/bachblueten-original-rescura-night-tropfen-alkoholfrei-20ml-pzn-16391787", "https://www.apotheke.de/bachblueten-original-rescura-night-tropfen-alkoholfrei-20ml-pzn-16391787", "https://www.apotheke.de/hepar-compheel-ampullen-10stk-pzn-06340636", "https://www.apotheke.de/hepar-compheel-ampullen-10stk-pzn-06340636", "https://www.apotheke.de/hepar-compheel-ampullen-10stk-pzn-06340636", "https://www.apotheke.de/hepar-compheel-ampullen-10stk-pzn-06340636", "https://www.apotheke.de/hepar-compheel-ampullen-10stk-pzn-06340636", "https://www.apotheke.de/coenzyme-compositum-ampullen-10stk-pzn-04312742", "https://www.apotheke.de/coenzyme-compositum-ampullen-10stk-pzn-04312742", "https://www.apotheke.de/coenzyme-compositum-ampullen-10stk-pzn-04312742", "https://www.apotheke.de/coenzyme-compositum-ampullen-10stk-pzn-04312742", "https://www.apotheke.de/coenzyme-compositum-ampullen-10stk-pzn-04312742", "https://www.apotheke.de/arnica-c30-globuli-10g-pzn-02801069", "https://www.apotheke.de/arnica-c30-globuli-10g-pzn-02801069", "https://www.apotheke.de/arnica-c30-globuli-10g-pzn-02801069", "https://www.apotheke.de/arnica-c30-globuli-10g-pzn-02801069/erfahrungen", "https://www.apotheke.de/arnica-c30-globuli-10g-pzn-02801069", "https://www.apotheke.de/arnica-c30-globuli-10g-pzn-02801069", "https://www.apotheke.de/agropyron-globuli-velati-20g-pzn-01447861", "https://www.apotheke.de/agropyron-globuli-velati-20g-pzn-01447861", "https://www.apotheke.de/agropyron-globuli-velati-20g-pzn-01447861", "https://www.apotheke.de/agropyron-globuli-velati-20g-pzn-01447861/erfahrungen", "https://www.apotheke.de/agropyron-globuli-velati-20g-pzn-01447861", "https://www.apotheke.de/agropyron-globuli-velati-20g-pzn-01447861", "https://www.apotheke.de/vertigoheel-arzneimittel-gegen-viele-formen-von-schwindel-100ml-pzn-01088959", "https://www.apotheke.de/vertigoheel-arzneimittel-gegen-viele-formen-von-schwindel-100ml-pzn-01088959", "https://www.apotheke.de/vertigoheel-arzneimittel-gegen-viele-formen-von-schwindel-100ml-pzn-01088959", "https://www.apotheke.de/vertigoheel-arzneimittel-gegen-viele-formen-von-schwindel-100ml-pzn-01088959/erfahrungen", "https://www.apotheke.de/vertigoheel-arzneimittel-gegen-viele-formen-von-schwindel-100ml-pzn-01088959", "https://www.apotheke.de/vertigoheel-arzneimittel-gegen-viele-formen-von-schwindel-100ml-pzn-01088959", "https://www.apotheke.de/bronchobini-globuli-2g-pzn-10044240", "https://www.apotheke.de/bronchobini-globuli-2g-pzn-10044240", "https://www.apotheke.de/bronchobini-globuli-2g-pzn-10044240", "https://www.apotheke.de/bronchobini-globuli-2g-pzn-10044240", "https://www.apotheke.de/bronchobini-globuli-2g-pzn-10044240", "https://www.apotheke.de/bachblueten-original-rescura-pastorange-holunder-50g-pzn-16391712", "https://www.apotheke.de/bachblueten-original-rescura-pastorange-holunder-50g-pzn-16391712", "https://www.apotheke.de/bachblueten-original-rescura-pastorange-holunder-50g-pzn-16391712", "https://www.apotheke.de/bachblueten-original-rescura-pastorange-holunder-50g-pzn-16391712/erfahrungen", "https://www.apotheke.de/bachblueten-original-rescura-pastorange-holunder-50g-pzn-16391712", "https://www.apotheke.de/bachblueten-original-rescura-pastorange-holunder-50g-pzn-16391712", "https://www.apotheke.de/arnica-d6-globuli-dhu-10g-pzn-01758443", "https://www.apotheke.de/arnica-d6-globuli-dhu-10g-pzn-01758443", "https://www.apotheke.de/arnica-d6-globuli-dhu-10g-pzn-01758443", "https://www.apotheke.de/arnica-d6-globuli-dhu-10g-pzn-01758443/erfahrungen", "https://www.apotheke.de/arnica-d6-globuli-dhu-10g-pzn-01758443", "https://www.apotheke.de/arnica-d6-globuli-dhu-10g-pzn-01758443", "https://www.apotheke.de/carum-carvi-kinderzaepfchen-10x1g-pzn-01448004", "https://www.apotheke.de/carum-carvi-kinderzaepfchen-10x1g-pzn-01448004", "https://www.apotheke.de/carum-carvi-kinderzaepfchen-10x1g-pzn-01448004", "https://www.apotheke.de/carum-carvi-kinderzaepfchen-10x1g-pzn-01448004/erfahrungen", "https://www.apotheke.de/carum-carvi-kinderzaepfchen-10x1g-pzn-01448004", "https://www.apotheke.de/carum-carvi-kinderzaepfchen-10x1g-pzn-01448004", "https://www.apotheke.de/bachblueten-original-rescura-creme-150ml-pzn-16391847", "https://www.apotheke.de/bachblueten-original-rescura-creme-150ml-pzn-16391847", "https://www.apotheke.de/bachblueten-original-rescura-creme-150ml-pzn-16391847", "https://www.apotheke.de/bachblueten-original-rescura-creme-150ml-pzn-16391847", "https://www.apotheke.de/bachblueten-original-rescura-creme-150ml-pzn-16391847", "https://www.apotheke.de/digesto-hevert-verdauungstropfen-100ml-pzn-11110269", "https://www.apotheke.de/digesto-hevert-verdauungstropfen-100ml-pzn-11110269", "https://www.apotheke.de/digesto-hevert-verdauungstropfen-100ml-pzn-11110269", "https://www.apotheke.de/digesto-hevert-verdauungstropfen-100ml-pzn-11110269/erfahrungen", "https://www.apotheke.de/digesto-hevert-verdauungstropfen-100ml-pzn-11110269", "https://www.apotheke.de/digesto-hevert-verdauungstropfen-100ml-pzn-11110269", "https://www.apotheke.de/gripp-heel-zur-behandlung-grippaler-infekte-50stk-pzn-00433294", "https://www.apotheke.de/gripp-heel-zur-behandlung-grippaler-infekte-50stk-pzn-00433294", "https://www.apotheke.de/gripp-heel-zur-behandlung-grippaler-infekte-50stk-pzn-00433294", "https://www.apotheke.de/gripp-heel-zur-behandlung-grippaler-infekte-50stk-pzn-00433294/erfahrungen", "https://www.apotheke.de/gripp-heel-zur-behandlung-grippaler-infekte-50stk-pzn-00433294", "https://www.apotheke.de/gripp-heel-zur-behandlung-grippaler-infekte-50stk-pzn-00433294", "https://www.apotheke.de/bachblueten-original-rescura-tropfen-mit-alkohol-20ml-pzn-16391942", "https://www.apotheke.de/bachblueten-original-rescura-tropfen-mit-alkohol-20ml-pzn-16391942", "https://www.apotheke.de/bachblueten-original-rescura-tropfen-mit-alkohol-20ml-pzn-16391942", "https://www.apotheke.de/bachblueten-original-rescura-tropfen-mit-alkohol-20ml-pzn-16391942", "https://www.apotheke.de/bachblueten-original-rescura-tropfen-mit-alkohol-20ml-pzn-16391942", "https://www.apotheke.de/biochemie-pflueger-7-magnesium-phosphoricum-d6-tabletten-1000stk-pzn-06319352", "https://www.apotheke.de/biochemie-pflueger-7-magnesium-phosphoricum-d6-tabletten-1000stk-pzn-06319352", "https://www.apotheke.de/biochemie-pflueger-7-magnesium-phosphoricum-d6-tabletten-1000stk-pzn-06319352", "https://www.apotheke.de/biochemie-pflueger-7-magnesium-phosphoricum-d6-tabletten-1000stk-pzn-06319352/erfahrungen", "https://www.apotheke.de/biochemie-pflueger-7-magnesium-phosphoricum-d6-tabletten-1000stk-pzn-06319352", "https://www.apotheke.de/biochemie-pflueger-7-magnesium-phosphoricum-d6-tabletten-1000stk-pzn-06319352", "https://www.apotheke.de/derivatio-tabletten-200stk-pzn-02782283", "https://www.apotheke.de/derivatio-tabletten-200stk-pzn-02782283", "https://www.apotheke.de/derivatio-tabletten-200stk-pzn-02782283", "https://www.apotheke.de/derivatio-tabletten-200stk-pzn-02782283/erfahrungen", "https://www.apotheke.de/derivatio-tabletten-200stk-pzn-02782283", "https://www.apotheke.de/derivatio-tabletten-200stk-pzn-02782283", "https://www.apotheke.de/ubichinon-compositus-ampullen-10stk-pzn-04314273", "https://www.apotheke.de/ubichinon-compositus-ampullen-10stk-pzn-04314273", "https://www.apotheke.de/ubichinon-compositus-ampullen-10stk-pzn-04314273", "https://www.apotheke.de/ubichinon-compositus-ampullen-10stk-pzn-04314273", "https://www.apotheke.de/ubichinon-compositus-ampullen-10stk-pzn-04314273", "https://www.apotheke.de/bachblueten-original-rescura-tropfen-mit-alkohol-10ml-pzn-16391936", "https://www.apotheke.de/bachblueten-original-rescura-tropfen-mit-alkohol-10ml-pzn-16391936", "https://www.apotheke.de/bachblueten-original-rescura-tropfen-mit-alkohol-10ml-pzn-16391936", "https://www.apotheke.de/bachblueten-original-rescura-tropfen-mit-alkohol-10ml-pzn-16391936", "https://www.apotheke.de/bachblueten-original-rescura-tropfen-mit-alkohol-10ml-pzn-16391936", "https://www.apotheke.de/engystol-zur-immunstaerkung-bei-grippalen-infekten-250stk-pzn-04871312", "https://www.apotheke.de/engystol-zur-immunstaerkung-bei-grippalen-infekten-250stk-pzn-04871312", "https://www.apotheke.de/engystol-zur-immunstaerkung-bei-grippalen-infekten-250stk-pzn-04871312", "https://www.apotheke.de/engystol-zur-immunstaerkung-bei-grippalen-infekten-250stk-pzn-04871312/erfahrungen", "https://www.apotheke.de/engystol-zur-immunstaerkung-bei-grippalen-infekten-250stk-pzn-04871312", "https://www.apotheke.de/engystol-zur-immunstaerkung-bei-grippalen-infekten-250stk-pzn-04871312", "https://www.apotheke.de/bachblueten-original-rescura-pastillen-zitrone-50g-pzn-16391735", "https://www.apotheke.de/bachblueten-original-rescura-pastillen-zitrone-50g-pzn-16391735", "https://www.apotheke.de/bachblueten-original-rescura-pastillen-zitrone-50g-pzn-16391735", "https://www.apotheke.de/bachblueten-original-rescura-pastillen-zitrone-50g-pzn-16391735", "https://www.apotheke.de/bachblueten-original-rescura-pastillen-zitrone-50g-pzn-16391735", "https://www.apotheke.de/naturheilkunde-hersteller-c-415?page=2", "https://www.apotheke.de/naturheilkunde-hersteller-c-415?page=3", "https://www.apotheke.de/naturheilkunde-hersteller-c-415?page=4", "https://www.apotheke.de/naturheilkunde-hersteller-c-415?page=5", "https://www.apotheke.de/naturheilkunde-hersteller-c-415?page=2", "https://www.apotheke.de/naturheilkunde-hersteller-c-415?fbrand%5B0%5D=537&filter_is_open=true", "https://www.apotheke.de/naturheilkunde-hersteller-c-415?fbrand%5B0%5D=135&filter_is_open=true", "https://www.apotheke.de/naturheilkunde-hersteller-c-415?fbrand%5B0%5D=686&filter_is_open=true", "https://www.apotheke.de/naturheilkunde-hersteller-c-415?fbrand%5B0%5D=685&filter_is_open=true", "https://www.apotheke.de/naturheilkunde-hersteller-c-415?fbrand%5B0%5D=204&filter_is_open=true", "https://www.apotheke.de/naturheilkunde-hersteller-c-415?fbrand%5B0%5D=561&filter_is_open=true", "https://www.apotheke.de/naturheilkunde-hersteller-c-415?fbrand%5B0%5D=666&filter_is_open=true", "https://www.apotheke.de/naturheilkunde-hersteller-c-415?fbrand%5B0%5D=63&filter_is_open=true", "https://www.apotheke.de/naturheilkunde-hersteller-c-415?fbrand%5B0%5D=590&filter_is_open=true", "https://www.apotheke.de/beiersdorf-ag-c-868", "https://www.apotheke.de/loral-deutschland-gmbh-c-874", "https://www.apotheke.de/klosterfrau-healthcare-group-c-1429", "https://www.apotheke.de/bayer-healthcare-ag-c-855", "https://www.apotheke.de/hexal-c-1648", "https://www.apotheke.de/aspirin-c-312", "https://www.apotheke.de/basica-c-1147", "https://www.apotheke.de/dhu-schuessler-salze-c-379", "https://www.apotheke.de/doppelherz-c-1151", "https://www.apotheke.de/advanced_search_result.php?keywords=Frontline", "https://www.apotheke.de/mucosolvan-c-1037", "https://www.apotheke.de/ratiopharm-c-316", "https://www.apotheke.de/-c-362", "https://www.apotheke.de/advanced_search_result.php?keywords=Thermacare", "https://www.apotheke.de/wick-c-1747", "https://www.apotheke.de/firmen-c-711", "https://www.apotheke.de/sicherheitsserver", "https://www.cbg-meb.nl/onderwerpen/bd-internethandel-diergeneesmiddelen/register-internethandel-diergeneesmiddelen", "", "https://www.apotheke.de/zahlungsarten", "https://www.apotheke.de/zahlungsarten", "https://www.apotheke.de/zahlungsarten", "https://www.apotheke.de/zahlungsarten", "https://www.apotheke.de/liefer-und-versandkosten", "https://www.idealo.de/preisvergleich/Shop/302344.html", "https://www.apotheke.de/show_order_details.php", "https://www.apotheke.de/liefer-und-versandkosten", "https://www.apotheke.de/retouren", "https://www.apotheke.de/kontakt", "https://www.apotheke.de/wechselwirkungscheck", "https://www.apotheke.de/team", "https://www.facebook.com/ApothekedeOnlineapotheke", "https://www.apotheke.de/geschenkideen-c-1178", "https://www.apotheke.de/gesundheitstipps-c-611", "https://www.apotheke.de/versandapotheke", "https://www.apotheke.de/firmen-c-711", "https://www.apotheke.de/online-apotheke", "https://www.apotheke.de/rezeptbestellung", "https://www.apotheke.de/datenschutz", "https://www.apotheke.de/online-streitbeilegung", "https://www.apotheke.de/informationen-zur-batterieverordnung", "https://www.apotheke.de/agb", "https://www.apotheke.de/impressum"]}