{"title": "Biochemie DHU Balance Kur 3 x 200 Tabletten kaufen | Volksversand Versandapotheke", "author": null, "url": "https://volksversand.de/arzneimittel/biochemie-dhu-balance-kur-3-x-200-tabletten-2845659", "hostname": "volksversand.de", "description": "Eine Kur ist ein bew\u00e4hrtes Mittel, um in einem bestimmten Zeitraum gezielt etwas f\u00fcr Gesundheit und Wohlbefinden zu tun. Bei den Sch\u00fc\u00dfler-Kuren werden verschiedene Kombinationen von Salzen \u00fcber mehrere Wochen eingenommen. Ziel ist es,...", "sitename": "Volksversand Versandapotheke", "date": "2020-10-05", "id": null, "license": null, "body": null, "comments": "", "commentsbody": null, "raw_text": null, "text": "Der Artikel wurde erfolgreich hinzugef\u00fcgt.\nBiochemie DHU Balance Kur 3 x 200 Tabletten\n- Nr.6 zur Entschlackung\n- Nr.10 zur Inneren Reinigung\n- Nr.12 f\u00fcr das Binde- und St\u00fctzgewebe\nGRATIS\nVersand\nVersand\nArtikelnummer:\n2845659\nInhalt:\n3 x 200 Tabletten\nMarke:\nInhalt 3 x 200 Tabletten\nAVP* 32,91 \u20ac 22,99 \u20ac 30\nP 220 Bonuspunkte sichern\n[Jetzt Bonuspunkte sammeln](/volksversand-bonuspunkte)\nIn folgenden Packungsgr\u00f6\u00dfen erh\u00e4ltlich\nZu Risiken und Nebenwirkungen lesen Sie bitte die Packungsbeilage und fragen Sie Ihre \u00c4rztin, Ihren Arzt oder in Ihrer Apotheke.\n36\nGRATIS\nVersand\nVersand\n[](https://volksversand.de/arzneimittel/bepanthen-wund-und-heilsalbe-100-g-gratis-bepanthol-derma-regenerierende-koerperlotion-3x10-ml-pzn-01578847-3165677)\n(105)\n[Bepanthen Wund- und Heilsalbe + gratis...](https://volksversand.de/arzneimittel/bepanthen-wund-und-heilsalbe-100-g-gratis-bepanthol-derma-regenerierende-koerperlotion-3x10-ml-pzn-01578847-3165677)\nBei wunder, gereizter Haut\nAVP* 18,98 \u20ac 11,99 \u20ac\nInhalt 100 g Salbe\n0.1 kg (119,90 \u20ac / 1 kg)\n0.1 kg (119,90 \u20ac / 1 kg)\n45\n[](https://volksversand.de/arzneimittel/nasenduo-nasenspray-2-x-10-ml-pzn-12521543-2911972)\n(96)\n[NasenDuo Nasenspray](https://volksversand.de/arzneimittel/nasenduo-nasenspray-2-x-10-ml-pzn-12521543-2911972)\nBei Schnupfen\nAVP* 15,00 \u20ac 8,25 \u20ac\nInhalt 2 x 10 ml Nasenspray\n0.02 l (412,50 \u20ac / 1 l)\n0.02 l (412,50 \u20ac / 1 l)\n27\nGRATIS\nVersand\nVersand\n[](https://volksversand.de/beauty-und-pflege/la-roche-posay-anthelios-invisible-fluid-uvmune-400-lsf-50-50-ml-fluid-gratis-hydratisierende-creme-3-ml-pzn-17636587-3160389)\n(10)\n[La Roche Posay Anthelios Invisible Fluid UVMune...](https://volksversand.de/beauty-und-pflege/la-roche-posay-anthelios-invisible-fluid-uvmune-400-lsf-50-50-ml-fluid-gratis-hydratisierende-creme-3-ml-pzn-17636587-3160389)\nHoher Sonnenschutz\nUVP 22,90 \u20ac 16,49 \u20ac\nInhalt 50 ml Fluid\n0.05 l (329,80 \u20ac / 1 l)\n0.05 l (329,80 \u20ac / 1 l)\n22\nGRATIS\nVersand\nVersand\n[](https://volksversand.de/beauty-und-pflege/cetaphil-feuchtigkeitscreme-453-g-gratis-reinigungslotion-236-ml-pzn-01874014-3135670)\n(42)\n[Cetaphil Feuchtigkeitscreme + gratis...](https://volksversand.de/beauty-und-pflege/cetaphil-feuchtigkeitscreme-453-g-gratis-reinigungslotion-236-ml-pzn-01874014-3135670)\nZur Hautpflege\nUVP 28,95 \u20ac 22,49 \u20ac\nInhalt 453 g Creme\n0.453 kg (49,65 \u20ac / 1 kg)\n0.453 kg (49,65 \u20ac / 1 kg)\n33\nGRATIS\nVersand\nVersand\n[](https://volksversand.de/artikel/handgelenk-blutdruckmessgeraet-ergobionik-gratis-fieberthermometer-weiss-flex-3168820)\n(1)\n[Handgelenk-Blutdruckmessger\u00e4t Ergobionik +...](https://volksversand.de/artikel/handgelenk-blutdruckmessgeraet-ergobionik-gratis-fieberthermometer-weiss-flex-3168820)\nBlutdruckmessger\u00e4t\nUVP 29,99 \u20ac 19,99 \u20ac\nInhalt 1 St\u00fcck\n20\nGRATIS\nVersand\nVersand\n[](https://volksversand.de/nahrungsergaenzungsmittel/centrovision-lutein-15-mg-90-kapseln-gratis-centrovision-lutein-15-mg-18-kapseln-pzn-15401302-3154523)\n(2)\n[Centrovision Lutein 15 mg + gratis Centrovision...](https://volksversand.de/nahrungsergaenzungsmittel/centrovision-lutein-15-mg-90-kapseln-gratis-centrovision-lutein-15-mg-18-kapseln-pzn-15401302-3154523)\nUnterst\u00fctzt den Erhalt der Sehkraft\nUVP 44,99 \u20ac 35,99 \u20ac\nInhalt 90 Kapseln\n0.072 kg (499,86 \u20ac / 1 kg)\n0.072 kg (499,86 \u20ac / 1 kg)\n30\nGRATIS\nVersand\nVersand\n[](https://volksversand.de/nahrungsergaenzungsmittel/femibion-2-schwangerschaft-112-tabletten-und-112-kapseln-gratis-femibion-3-3-tage-kombipackung-pzn-15200035-3175296)\n(4)\n[Femibion 2 Schwangerschaft + gratis Femibion 3...](https://volksversand.de/nahrungsergaenzungsmittel/femibion-2-schwangerschaft-112-tabletten-und-112-kapseln-gratis-femibion-3-3-tage-kombipackung-pzn-15200035-3175296)\nNahrungserg\u00e4nzungsmittel\nUVP 109,99 \u20ac 76,99 \u20ac\nInhalt 2 x 112 Kombipackung\n0.1569 kg (490,69 \u20ac / 1 kg)\n0.1569 kg (490,69 \u20ac / 1 kg)\n36\nGRATIS\nVersand\nVersand\n[](https://volksversand.de/arzneimittel/biochemie-dhu-energie-kur-3-x-200-tabletten-2845634)\n(1)\n[Biochemie DHU Energie Kur](https://volksversand.de/arzneimittel/biochemie-dhu-energie-kur-3-x-200-tabletten-2845634)\nSch\u00fc\u00dfler Salze Kur\nAVP* 32,91 \u20ac 20,99 \u20ac\nInhalt 3 x 200 Tabletten\n60\n[](https://volksversand.de/arzneimittel/ibuprofen-medibond-400mg-schmerztabletten-50-stueck-pzn-12472371-2909844)\n(163)\n[Ibuprofen Medibond 400mg Schmerztabletten](https://volksversand.de/arzneimittel/ibuprofen-medibond-400mg-schmerztabletten-50-stueck-pzn-12472371-2909844)\nBei Schmerzen und Fieber\nAVP* 12,52 \u20ac 4,99 \u20ac\nInhalt 50 Filmtabletten\n33\nGRATIS\nVersand\nVersand\n[](https://volksversand.de/arzneimittel/biochemie-dhu-haut-und-haar-kur-3-x-200-tabletten-2845667) [Biochemie DHU Haut und Haar Kur](https://volksversand.de/arzneimittel/biochemie-dhu-haut-und-haar-kur-3-x-200-tabletten-2845667)\nSch\u00fc\u00dfler Salze Kur\nAVP* 32,91 \u20ac 21,99 \u20ac\nInhalt 3 x 200 Tabletten\n50\n[](https://volksversand.de/arzneimittel/paracetamol-medibond-500mg-schmerztabletten-20-stueck-pzn-13720440-2910792)\n(41)\n[Paracetamol Medibond 500 mg Schmerztabletten](https://volksversand.de/arzneimittel/paracetamol-medibond-500mg-schmerztabletten-20-stueck-pzn-13720440-2910792)\nBei Fieber und Schmerzen\nAVP* 3,20 \u20ac 1,59 \u20ac\nInhalt 20 Tabletten\n5\n[](https://volksversand.de/nahrungsergaenzungsmittel/allga-med-entwaesserungs-kapseln-30-kapseln-pzn-11657424-2847390)\n(12)\n[Allga Med Entw\u00e4sserungs Kapseln](https://volksversand.de/nahrungsergaenzungsmittel/allga-med-entwaesserungs-kapseln-30-kapseln-pzn-11657424-2847390)\nBei Wassereinlagerung\nUVP 6,30 \u20ac 5,95 \u20ac\nInhalt 30 Kapseln\n0.015 kg (396,67 \u20ac / 1 kg)\n0.015 kg (396,67 \u20ac / 1 kg)\n33\nGRATIS\nVersand\nVersand\n[](https://volksversand.de/arzneimittel/biochemie-dhu-fruehjahrs-kur-3-x-200-tabletten-2845626)\n(4)\n[Biochemie DHU Fr\u00fchjahrs Kur](https://volksversand.de/arzneimittel/biochemie-dhu-fruehjahrs-kur-3-x-200-tabletten-2845626)\nSch\u00fc\u00dfler Salze Kur\nAVP* 32,91 \u20ac 21,99 \u20ac\nInhalt 3 x 200 Tabletten\n45\n[](https://volksversand.de/arzneimittel/nasenspray-ratiopharm-erwachsene-2-x-15-ml-pzn-00999848-2277838)\n(837)\n[NasenSpray-ratiopharm Erwachsene](https://volksversand.de/arzneimittel/nasenspray-ratiopharm-erwachsene-2-x-15-ml-pzn-00999848-2277838)\nBei Schnupfen\nAVP* 13,94 \u20ac 7,65 \u20ac\nInhalt 2 x 15 ml Nasenspray\n0.03 l (255,00 \u20ac / 1 l)\n0.03 l (255,00 \u20ac / 1 l)\n35\n[](https://volksversand.de/arzneimittel/iberogast-classic-20-ml-pzn-16507534-3045846)\n(13)\n[Iberogast Classic](https://volksversand.de/arzneimittel/iberogast-classic-20-ml-pzn-16507534-3045846)\nBei Magenbeschwerden\nAVP* 12,97 \u20ac 8,39 \u20ac\nInhalt 20 ml Fl\u00fcssigkeit\n0.02 l (419,50 \u20ac / 1 l)\n0.02 l (419,50 \u20ac / 1 l)\n25\n[](https://volksversand.de/arzneimittel/berberil-n-edo-augentropfen-30-x-0-5-ml-pzn-16507356-3029386)\n(25)\n[Berberil N EDO Augentropfen](https://volksversand.de/arzneimittel/berberil-n-edo-augentropfen-30-x-0-5-ml-pzn-16507356-3029386)\nBei Augenreizungen\nAVP* 17,50 \u20ac 12,99 \u20ac\nInhalt 30 x 0.5 ml Augentropfen\n0.03 l (433,00 \u20ac / 1 l)\n0.03 l (433,00 \u20ac / 1 l)\n29\n[](https://volksversand.de/arzneimittel/doloplant-bei-muskel-und-gelenkschmerzen-50-g-creme-pzn-11670181-2877926)\n(5)\n[Doloplant bei Muskel- und Gelenkschmerzen](https://volksversand.de/arzneimittel/doloplant-bei-muskel-und-gelenkschmerzen-50-g-creme-pzn-11670181-2877926)\nBei Muskel- und Gelenkschmerzen\nAVP* 9,97 \u20ac 6,99 \u20ac\nInhalt 50 g Creme\n0.05 kg (139,80 \u20ac / 1 kg)\n0.05 kg (139,80 \u20ac / 1 kg)\n17\nGRATIS\nVersand\nVersand\n[](https://volksversand.de/arzneimittel/aspirin-plus-c-40-brausetabletten-pzn-03464237-2053452)\n(37)\n[Aspirin Plus C](https://volksversand.de/arzneimittel/aspirin-plus-c-40-brausetabletten-pzn-03464237-2053452)\nBei Erk\u00e4ltung und Schmerzen\nAVP* 21,79 \u20ac 17,99 \u20ac\nInhalt 40 Brausetabletten\n27\n[](https://volksversand.de/arzneimittel/biochemie-dhu-2-calcium-phosphoricum-d6-200-tabletten-pzn-02580444-2054674)\n(1)\n[Biochemie DHU 2 Calcium phosphoricum D6](https://volksversand.de/arzneimittel/biochemie-dhu-2-calcium-phosphoricum-d6-200-tabletten-pzn-02580444-2054674)\nSch\u00fc\u00dfler Salze\nAVP* 10,97 \u20ac 7,99 \u20ac\nInhalt 200 Tabletten\n19\n[](https://volksversand.de/arzneimittel/bepanthen-wund-und-heilsalbe-20-g-pzn-01580241-2054021)\n(105)\n[Bepanthen Wund- und Heilsalbe 20 g](https://volksversand.de/arzneimittel/bepanthen-wund-und-heilsalbe-20-g-pzn-01580241-2054021)\nBei wunder, gereizter Haut\nAVP* 6,97 \u20ac 5,59 \u20ac\nInhalt 20 g Salbe\n0.02 kg (279,50 \u20ac / 1 kg)\n0.02 kg (279,50 \u20ac / 1 kg)\n5\n[](https://volksversand.de/nahrungsergaenzungsmittel/allga-med-entwaesserungs-kapseln-gratis-allgaeuer-latschenkiefer-beinlotion-50-ml-pzn-11657424-3164845)\n(12)\n[Allga Med Entw\u00e4sserungs-Kapseln + gratis...](https://volksversand.de/nahrungsergaenzungsmittel/allga-med-entwaesserungs-kapseln-gratis-allgaeuer-latschenkiefer-beinlotion-50-ml-pzn-11657424-3164845)\nBei Wassereinlagerung\nUVP 6,30 \u20ac 5,95 \u20ac\nInhalt 30 Kapseln\n0.015 kg (396,67 \u20ac / 1 kg)\n0.015 kg (396,67 \u20ac / 1 kg)\nEine Kur ist ein bew\u00e4hrtes Mittel, um in einem bestimmten Zeitraum gezielt etwas f\u00fcr Gesundheit...\n[mehr](#)\nProduktinformationen \"Biochemie DHU Balance Kur 3 x 200 Tabletten\"\nEine Kur ist ein bew\u00e4hrtes Mittel, um in einem bestimmten Zeitraum gezielt etwas f\u00fcr Gesundheit und Wohlbefinden zu tun. Bei den Sch\u00fc\u00dfler-Kuren werden verschiedene Kombinationen von Salzen \u00fcber mehrere Wochen eingenommen. Ziel ist es, h\u00e4ufig wiederkehrende Beschwerden effektiv und nachhaltig zu behandeln und den K\u00f6rper auf nat\u00fcrliche Weise zu st\u00e4rken.\nIn der Regel empfehlen Experten die Kuren \u00fcber einen Zeitraum von 4-6 Wochen durchzuf\u00fchren und bei Bedarf nach einer einw\u00f6chigen Pause zu wiederholen.\nAlles Gute kommt von Innen\nDer Verzicht auf ungesunde Ern\u00e4hrungsgewohnheiten entlastet Ihren K\u00f6rper. Sie m\u00f6chten Ihren K\u00f6rper sanft und wirkungsvoll unterst\u00fctzen?\nDie Kombination des Mineralsalzes der inneren Reinigung Nr. 10, der Entschlackung Nr. 6 sowie dem Mineralsalz Nr. 12 kann Sie dabei begleiten.\nWas macht die DHU Sch\u00fc\u00dfler-Salze Kur so besonders?\nKalium sulfuricum in der Haut, in den N\u00e4geln und in den Schleimh\u00e4uten. Au\u00dferdem in den Muskeln und in der Leber.\nNatrium sulfuricum in allen Gewebsfl\u00fcssigkeiten.\nCalcium sulfuricum in Leber, Galle, Muskeln, Knochen und Knorpel.\nDer Wirkstoff ist: Kalium sulfuricum Trit. D6 250 mg in 1 Tablette.\nDie sonstigen Bestandteile sind: Magnesiumstearat (Ph.Eur.), Weizenst\u00e4rke\nBiochemie DHU 10 Natrium sulfuricum D6\nDer Wirkstoff ist: Natrium sulfuricum Trit. D6 250 mg in 1 Tablette.\nDie sonstigen Bestandteile sind: Magnesiumstearat (Ph.Eur.), Weizenst\u00e4rke\nBiochemie DHU 12 Calcium sulfuricum D6\nDer Wirkstoff ist: Calcium sulfuricum Trit. D6 250 mg in 1 Tablette.\nDie sonstigen Bestandteile sind: Magnesiumstearat (Ph.Eur.), Weizenst\u00e4rke\nMittags: 1 Tablette DHU Sch\u00fc\u00dfler-Salz Nr. 10 Natrium sulfuricum - das Salz f\u00fcr Ausleitung, Entgiftung und Ausscheidung\nAbends: 1 Tablette DHU Sch\u00fc\u00dfler-Salz Nr. 6 Kalium sulfuricum- das Salz f\u00fcr die Regeneration\nDie Tabletten langsam im Mund zergehen lassen.\nDauer der Anwendung ca. 4 - 6 Wochen. Danach sollte eine Pause von einer Woche erfolgen.\nWeizenst\u00e4rke kann \u00dcberempfindlichkeitsreaktionen hervorrufen. Hinweis: Bei der Einnahme eines hom\u00f6opathischen Arzneimittels k\u00f6nnen sich die vorhandenen Beschwerden vor\u00fcbergehend verschlimmern (Erstverschlimmerung). In diesem Fall sollten Sie das Arzneimittel absetzen und Ihren Arzt befragen.\nMeldung von Nebenwirkungen\nWenn Sie Nebenwirkungen bemerken, wenden Sie sich an Ihre \u00c4rztin. Ihren Arzt oder Apotheker. Dies gilt auch f\u00fcr Nebenwirkungen, die nicht in dieser Packungsbeilage angegeben sind. Sie k\u00f6nnen Nebenwirkungen auch direkt dem\nBundesinstitut f\u00fcr Arzneimittel und Medizinprodukte\nAbt. Pharmakovigilanz\nKurt-Georg-Kiesinger-Allee 3\nD-53175 Bonn\nWebsite: www.bfarm.de\nanzeigen.\nIndem Sie Nebenwirkungen melden, k\u00f6nnen Sie dazu beitragen, dass mehr Informationen \u00fcber die Sicherheit dieses Arzneimittels zur Verf\u00fcgung gestellt werden.\nArzneimittel f\u00fcr Kinder unzug\u00e4nglich aufbewahren.\nSie d\u00fcrfen das Arzneimittel nach dem auf Beh\u00e4ltnis und \u00e4u\u00dferer Umh\u00fcllung angegebenen Verfallsdatum nicht mehr verwenden.\nBei Anwendung des Arzneimittels zusammen mit Nahrungsmitteln und Getr\u00e4nken\nDie Wirkung eines hom\u00f6opathischen Arzneimittels kann durch allgemein sch\u00e4digende Faktoren in der Lebensweise und durch Reiz- und Genussmittel ung\u00fcnstig beeinflusst werden.\nWeizenst\u00e4rke kann geringe Mengen Gluten enthalten, die aber auch f\u00fcr Patienten, die an Z\u00f6liakie leiden, als vertr\u00e4glich gelten.\nWenn Sie \u00fcberempfindlich (allergisch) gegen Weizenst\u00e4rke oder einen der anderen Bestandteile sind.\nBesondere Vorsicht bei der Anwendung der Arzneimittels ist erforderlich:\nBei anhaltenden, unklaren oder neu auftretenden Beschwerden sollten Sie medizinischen Rat einholen.\nNach Dr. Sch\u00fc\u00dfler* geben Sch\u00fc\u00dfler-Salze den Zellen Impulse und fungieren wie ein T\u00fcr\u00f6ffner zur besseren Aufnahme und Verarbeitung von essenziellen Mineralstoffen. Der Mineralhaushalt kommt wieder in Balance. So kann man bei einer Vielzahl von Beschwerden die Gesundheit aktiv st\u00e4rken.\n* Dr. Wilhelm Sch\u00fc\u00dfler (1821-1898) begr\u00fcndete in der zweiten H\u00e4lfte des 19. Jahrhunderts die nach ihm benannte Mineralsalztherapie, die er selbst als -Biochemie- bezeichnete. DHU Sch\u00fc\u00dfler-Salze sind hom\u00f6opathische Arzneimittel. Die Anwendung erfolgt ausschlie\u00dflich aufgrund der langj\u00e4hrigen Verwendung in dieser Therapie.\nIn der Regel empfehlen Experten die Kuren \u00fcber einen Zeitraum von 4-6 Wochen durchzuf\u00fchren und bei Bedarf nach einer einw\u00f6chigen Pause zu wiederholen.\nAlles Gute kommt von Innen\nDer Verzicht auf ungesunde Ern\u00e4hrungsgewohnheiten entlastet Ihren K\u00f6rper. Sie m\u00f6chten Ihren K\u00f6rper sanft und wirkungsvoll unterst\u00fctzen?\nDie Kombination des Mineralsalzes der inneren Reinigung Nr. 10, der Entschlackung Nr. 6 sowie dem Mineralsalz Nr. 12 kann Sie dabei begleiten.\nWas macht die DHU Sch\u00fc\u00dfler-Salze Kur so besonders?\n- Sch\u00fc\u00dfler-Salze unterst\u00fctzen den K\u00f6rper auf nat\u00fcrliche & ganzheitliche Art und Weise\n- sind gut vertr\u00e4glich\n- einfach anzuwenden\nKalium sulfuricum in der Haut, in den N\u00e4geln und in den Schleimh\u00e4uten. Au\u00dferdem in den Muskeln und in der Leber.\nNatrium sulfuricum in allen Gewebsfl\u00fcssigkeiten.\nCalcium sulfuricum in Leber, Galle, Muskeln, Knochen und Knorpel.\nAnwendungsgebieteRegistrierte hom\u00f6opathische Arzneimittel, daher ohne Angabe einer therapeutischen Indikation.\nZusammensetzungBiochemie DHU 6 Kalium sulfurcium D6\nDer Wirkstoff ist: Kalium sulfuricum Trit. D6 250 mg in 1 Tablette.\nDie sonstigen Bestandteile sind: Magnesiumstearat (Ph.Eur.), Weizenst\u00e4rke\nBiochemie DHU 10 Natrium sulfuricum D6\nDer Wirkstoff ist: Natrium sulfuricum Trit. D6 250 mg in 1 Tablette.\nDie sonstigen Bestandteile sind: Magnesiumstearat (Ph.Eur.), Weizenst\u00e4rke\nBiochemie DHU 12 Calcium sulfuricum D6\nDer Wirkstoff ist: Calcium sulfuricum Trit. D6 250 mg in 1 Tablette.\nDie sonstigen Bestandteile sind: Magnesiumstearat (Ph.Eur.), Weizenst\u00e4rke\nAnwendung & DosierungMorgens: 1 Tablette DHU Sch\u00fc\u00dfler-Salz Nr. 12 Calcium sulfuricum - das Salz f\u00fcr Lymphe und Immunsystem\nMittags: 1 Tablette DHU Sch\u00fc\u00dfler-Salz Nr. 10 Natrium sulfuricum - das Salz f\u00fcr Ausleitung, Entgiftung und Ausscheidung\nAbends: 1 Tablette DHU Sch\u00fc\u00dfler-Salz Nr. 6 Kalium sulfuricum- das Salz f\u00fcr die Regeneration\nDie Tabletten langsam im Mund zergehen lassen.\nDauer der Anwendung ca. 4 - 6 Wochen. Danach sollte eine Pause von einer Woche erfolgen.\nSchwangerschaft & StillzeitFragen Sie vor der Anwendung von allen Arzneimitteln Ihren Arzt um Rat.\nM\u00f6gliche NebenwirkungenWie alle Arzneimittel kann das Arzneimittel Nebenwirkungen haben, die aber nicht bei jedem auftreten m\u00fcssen.\nWeizenst\u00e4rke kann \u00dcberempfindlichkeitsreaktionen hervorrufen. Hinweis: Bei der Einnahme eines hom\u00f6opathischen Arzneimittels k\u00f6nnen sich die vorhandenen Beschwerden vor\u00fcbergehend verschlimmern (Erstverschlimmerung). In diesem Fall sollten Sie das Arzneimittel absetzen und Ihren Arzt befragen.\nMeldung von Nebenwirkungen\nWenn Sie Nebenwirkungen bemerken, wenden Sie sich an Ihre \u00c4rztin. Ihren Arzt oder Apotheker. Dies gilt auch f\u00fcr Nebenwirkungen, die nicht in dieser Packungsbeilage angegeben sind. Sie k\u00f6nnen Nebenwirkungen auch direkt dem\nBundesinstitut f\u00fcr Arzneimittel und Medizinprodukte\nAbt. Pharmakovigilanz\nKurt-Georg-Kiesinger-Allee 3\nD-53175 Bonn\nWebsite: www.bfarm.de\nanzeigen.\nIndem Sie Nebenwirkungen melden, k\u00f6nnen Sie dazu beitragen, dass mehr Informationen \u00fcber die Sicherheit dieses Arzneimittels zur Verf\u00fcgung gestellt werden.\nAufbewahrung & HaltbarkeitF\u00fcr dieses Arzneimittel sind keine besonderen Lagerungsbedingungen erforderlich.\nArzneimittel f\u00fcr Kinder unzug\u00e4nglich aufbewahren.\nSie d\u00fcrfen das Arzneimittel nach dem auf Beh\u00e4ltnis und \u00e4u\u00dferer Umh\u00fcllung angegebenen Verfallsdatum nicht mehr verwenden.\nWechselwirkungenBitte informieren Sie Ihre \u00c4rztin, Ihren Arzt oder Apotheker, wenn Sie andere Arzneimittel anwenden bzw. vor kurzem angewendet haben, auch wenn es sich um nicht verschreibungspflichtige Arzneimittel handelt. Eine Beeinflussung der Wirkung der Tabletten durch andere Arzneimittel ist bisher nicht bekannt.\nBei Anwendung des Arzneimittels zusammen mit Nahrungsmitteln und Getr\u00e4nken\nDie Wirkung eines hom\u00f6opathischen Arzneimittels kann durch allgemein sch\u00e4digende Faktoren in der Lebensweise und durch Reiz- und Genussmittel ung\u00fcnstig beeinflusst werden.\nWarnhinweise & Vorsichtsma\u00dfnahmenDiese Arzneimittel enthalten Lactose (Milchzucker). Bitte nehmen Sie es daher erst nach R\u00fccksprache mit dem Arzt ein, wenn Ihnen bekannt ist, dass Sie unter einer Unvertr\u00e4glichkeit gegen\u00fcber bestimmten Zuckern leiden.\nWeizenst\u00e4rke kann geringe Mengen Gluten enthalten, die aber auch f\u00fcr Patienten, die an Z\u00f6liakie leiden, als vertr\u00e4glich gelten.\nGegenanzeigenDie Arzneimittel d\u00fcrfen nicht angewendet werden:\nWenn Sie \u00fcberempfindlich (allergisch) gegen Weizenst\u00e4rke oder einen der anderen Bestandteile sind.\nBesondere Vorsicht bei der Anwendung der Arzneimittels ist erforderlich:\nBei anhaltenden, unklaren oder neu auftretenden Beschwerden sollten Sie medizinischen Rat einholen.\nWeitere Infos & DownloadsSch\u00fc\u00dfler-Wirkprinzip\nNach Dr. Sch\u00fc\u00dfler* geben Sch\u00fc\u00dfler-Salze den Zellen Impulse und fungieren wie ein T\u00fcr\u00f6ffner zur besseren Aufnahme und Verarbeitung von essenziellen Mineralstoffen. Der Mineralhaushalt kommt wieder in Balance. So kann man bei einer Vielzahl von Beschwerden die Gesundheit aktiv st\u00e4rken.\n* Dr. Wilhelm Sch\u00fc\u00dfler (1821-1898) begr\u00fcndete in der zweiten H\u00e4lfte des 19. Jahrhunderts die nach ihm benannte Mineralsalztherapie, die er selbst als -Biochemie- bezeichnete. DHU Sch\u00fc\u00dfler-Salze sind hom\u00f6opathische Arzneimittel. Die Anwendung erfolgt ausschlie\u00dflich aufgrund der langj\u00e4hrigen Verwendung in dieser Therapie.\nHersteller:\nDHU-Arzneimittel GmbH & Co. KG Ottostr. D. 76227, Karlsruhe\nBewertungen lesen, schreiben und diskutieren...\n[mehr](#)\nBewertungen und Erfahrungen zu \"Biochemie DHU Balance Kur 3 x 200 Tabletten\". Das meinen unsere Kunden zu diesem Produkt:\nBewertung schreiben\nBewertungen werden nach \u00dcberpr\u00fcfung freigeschaltet\nCookie-Einstellungen\nHier k\u00f6nnen Sie Ihre pers\u00f6nlichen Einstellungen vornehmen. F\u00fcr ein bestm\u00f6gliches Einkaufserlebnis empfehlen wir Ihnen, alle Cookies zuzulassen.\nKonfiguration\nTechnisch erforderlich\nDiese Cookies sind f\u00fcr die Grundfunktionen des Shops notwendig.\nKomfortfunktionen\nDiese Cookies werden genutzt um das Einkaufserlebnis noch ansprechender zu gestalten, beispielsweise f\u00fcr die Wiedererkennung des Besuchers.\nStatistik & Tracking\nDiese Cookies erfassen anonymisierte Informationen f\u00fcr Statistiken und Analysen.\nService-Dienstleister\nAuf unserer Website werden externe Dienstleister eingebunden, die Ihren Service eigenverantwortlich erbringen.\nZuletzt angesehen", "language": null, "image": "https://property.volksversand.de/media/image/30/c1/11/10338796-biochemie_dhu_balance_kur.jpg", "pagetype": "product", "links": ["https://volksversand.de/", "/ratgeber/", "/faq", "https://volksversand.de/kontaktformular", "https://volksversand.de/volksversand-bonuspunkte", "https://volksversand.de/datenschutz", "https://volksversand.de/rueckrufservice", "https://volksversand.de/versandkosten", "https://volksversand.de/agb", "https://volksversand.de/liefer-und-zahlungsinformationen", "https://volksversand.de/impressum", "https://volksversand.de/widerrufsrecht", "/bonuspunkte", "https://volksversand.de/", "/bewertungen-zertifikate-und-auszeichnungen", "#offcanvas--left", "#show-hide--search", "/bewertungen-zertifikate-und-auszeichnungen", "/arzneimittel/angebote/", "https://volksversand.de/account", "https://volksversand.de/wishlist", "https://volksversand.de/direktbestellung", "https://volksversand.de/checkout/cart", "https://volksversand.de/abnehmen-sport-und-ernaehrung/", "https://volksversand.de/arzneimittel/", "https://volksversand.de/beauty-und-pflege/", "https://volksversand.de/familie-und-baby/", "https://volksversand.de/naturheilmittel-und-homoeopathie/", "https://volksversand.de/tiergesundheit-und-tierbedarf/", "https://volksversand.de/abnehmen-sport-und-ernaehrung/", "https://volksversand.de/abnehmen-sport-und-ernaehrung/diaet-und-abnehmen/", "https://volksversand.de/abnehmen-sport-und-ernaehrung/fitness-und-sportzubehoer/", "https://volksversand.de/abnehmen-sport-und-ernaehrung/gesunde-ernaehrung/", "https://volksversand.de/abnehmen-sport-und-ernaehrung/sportnahrung/", "https://volksversand.de/abnehmen-sport-und-ernaehrung/vegane-nahrungsergaenzung/", "https://volksversand.de/abnehmen-sport-und-ernaehrung/", "https://volksversand.de/arzneimittel/", "https://volksversand.de/arzneimittel/angebote/", "https://volksversand.de/arzneimittel/neu-im-sortiment/", "https://volksversand.de/arzneimittel/gratis-beigaben/", "https://volksversand.de/arzneimittel/allergie-und-heuschnupfen/", "https://volksversand.de/arzneimittel/augen-nase-und-ohren/", "https://volksversand.de/arzneimittel/beruhigung-schlaf-und-wohlbefinden/", "https://volksversand.de/arzneimittel/erkaeltung-und-grippe/", "https://volksversand.de/arzneimittel/haut-haare-und-naegel/", "https://volksversand.de/arzneimittel/knochen-gelenke-und-muskeln/", "https://volksversand.de/arzneimittel/magen-und-darm/", "https://volksversand.de/arzneimittel/reiseapotheke/", "https://volksversand.de/arzneimittel/schmerzmittel/", "https://volksversand.de/arzneimittel/vitamine-und-mineralien/", "https://volksversand.de/arzneimittel/", "https://volksversand.de/beauty-und-pflege/", "https://volksversand.de/beauty-und-pflege/baden-und-duschen/", "https://volksversand.de/beauty-und-pflege/bodylotion-und-koerperpflege/", "https://volksversand.de/beauty-und-pflege/fusscreme/", "https://volksversand.de/beauty-und-pflege/gesichtspflege/", "https://volksversand.de/beauty-und-pflege/haarpflege/", "https://volksversand.de/beauty-und-pflege/handcreme/", "https://volksversand.de/beauty-und-pflege/maennerpflege/", "https://volksversand.de/beauty-und-pflege/narbenpflege/", "https://volksversand.de/beauty-und-pflege/naturkosmetik/", "https://volksversand.de/beauty-und-pflege/sonnenschutz/", "https://volksversand.de/beauty-und-pflege/vegane-kosmetik/", "https://volksversand.de/beauty-und-pflege/wirkstoffe/", "https://volksversand.de/beauty-und-pflege/geschenkideen/", "https://volksversand.de/beauty-und-pflege/sale/", "https://volksversand.de/beauty-und-pflege/", "https://volksversand.de/familie-und-baby/", "https://volksversand.de/familie-und-baby/babynahrung/", "https://volksversand.de/familie-und-baby/fuer-ihn/", "https://volksversand.de/familie-und-baby/fuer-senioren/", "https://volksversand.de/familie-und-baby/fuer-sie/", "https://volksversand.de/familie-und-baby/gesundheit/", "https://volksversand.de/familie-und-baby/haeusliche-pflege-und-hilfsmittel/", "https://volksversand.de/familie-und-baby/hygiene-und-infektionsschutz/", "https://volksversand.de/familie-und-baby/kinderpflaster/", "https://volksversand.de/familie-und-baby/kinderreiseapotheke/", "https://volksversand.de/familie-und-baby/kinder-und-babypflege/", "https://volksversand.de/familie-und-baby/kinderwunsch/", "https://volksversand.de/familie-und-baby/mueckenschutz-und-mueckenstiche/", "https://volksversand.de/familie-und-baby/schwangerschaft/", "https://volksversand.de/familie-und-baby/stillzeit/", "https://volksversand.de/familie-und-baby/verhuetung/", "https://volksversand.de/familie-und-baby/windeln/", "https://volksversand.de/familie-und-baby/zahnen-zahnpflege/", "https://volksversand.de/familie-und-baby/sale/", "https://volksversand.de/familie-und-baby/", "https://volksversand.de/naturheilmittel-und-homoeopathie/", "https://volksversand.de/naturheilmittel-und-homoeopathie/allgemeine-homoeopathie/", "https://volksversand.de/naturheilmittel-und-homoeopathie/anthroposophie/", "https://volksversand.de/naturheilmittel-und-homoeopathie/anwendungsgebiete/", "https://volksversand.de/naturheilmittel-und-homoeopathie/aetherische-oele/", "https://volksversand.de/naturheilmittel-und-homoeopathie/bachblueten/", "https://volksversand.de/naturheilmittel-und-homoeopathie/einzelmittel/", "https://volksversand.de/naturheilmittel-und-homoeopathie/heilerde/", "https://volksversand.de/naturheilmittel-und-homoeopathie/komplexmittel/", "https://volksversand.de/naturheilmittel-und-homoeopathie/schuessler-salze/", "https://volksversand.de/naturheilmittel-und-homoeopathie/weitere-naturheilmittel/", "https://volksversand.de/naturheilmittel-und-homoeopathie/", "https://volksversand.de/tiergesundheit-und-tierbedarf/", "https://volksversand.de/tiergesundheit-und-tierbedarf/hunde/", "https://volksversand.de/tiergesundheit-und-tierbedarf/katzen/", "https://volksversand.de/tiergesundheit-und-tierbedarf/pferde/", "https://volksversand.de/tiergesundheit-und-tierbedarf/weitere-produkte/", "https://volksversand.de/tiergesundheit-und-tierbedarf/", "https://volksversand.de/", "https://volksversand.de/naturheilmittel-und-homoeopathie/", "https://volksversand.de/naturheilmittel-und-homoeopathie/schuessler-salze/", "https://volksversand.de/naturheilmittel-und-homoeopathie/schuessler-salze/dhu/", "https://volksversand.de/naturheilmittel-und-homoeopathie/schuessler-salze/dhu/kuren/", "#close-categories-menu", "https://volksversand.de/", "https://volksversand.de/", "https://volksversand.de/abnehmen-sport-und-ernaehrung/", "https://volksversand.de/arzneimittel/", "https://volksversand.de/beauty-und-pflege/", "https://volksversand.de/familie-und-baby/", "https://volksversand.de/naturheilmittel-und-homoeopathie/", "https://volksversand.de/naturheilmittel-und-homoeopathie/allgemeine-homoeopathie/", "https://volksversand.de/naturheilmittel-und-homoeopathie/anthroposophie/", "https://volksversand.de/naturheilmittel-und-homoeopathie/anwendungsgebiete/", "https://volksversand.de/naturheilmittel-und-homoeopathie/aetherische-oele/", "https://volksversand.de/naturheilmittel-und-homoeopathie/bachblueten/", "https://volksversand.de/naturheilmittel-und-homoeopathie/einzelmittel/", "https://volksversand.de/naturheilmittel-und-homoeopathie/heilerde/", "https://volksversand.de/naturheilmittel-und-homoeopathie/komplexmittel/", "https://volksversand.de/naturheilmittel-und-homoeopathie/schuessler-salze/", "https://volksversand.de/naturheilmittel-und-homoeopathie/schuessler-salze/bombastus/", "https://volksversand.de/naturheilmittel-und-homoeopathie/schuessler-salze/dhu/", "https://volksversand.de/naturheilmittel-und-homoeopathie/schuessler-salze/dhu/bei-bindegewebsschwaeche/", "https://volksversand.de/naturheilmittel-und-homoeopathie/schuessler-salze/dhu/gele/", "https://volksversand.de/naturheilmittel-und-homoeopathie/schuessler-salze/dhu/globuli/", "https://volksversand.de/naturheilmittel-und-homoeopathie/schuessler-salze/dhu/kuren/", "https://volksversand.de/naturheilmittel-und-homoeopathie/schuessler-salze/dhu/lotionen/", "https://volksversand.de/naturheilmittel-und-homoeopathie/schuessler-salze/dhu/sachet/", "https://volksversand.de/naturheilmittel-und-homoeopathie/schuessler-salze/dhu/salben/", "https://volksversand.de/naturheilmittel-und-homoeopathie/schuessler-salze/dhu/sets/", "https://volksversand.de/naturheilmittel-und-homoeopathie/schuessler-salze/dhu/tabletten/", "https://volksversand.de/naturheilmittel-und-homoeopathie/schuessler-salze/pflueger/", "https://volksversand.de/naturheilmittel-und-homoeopathie/schuessler-salze/weitere-produkte/", "https://volksversand.de/naturheilmittel-und-homoeopathie/weitere-naturheilmittel/", "https://volksversand.de/tiergesundheit-und-tierbedarf/", "https://volksversand.de/marke/", "https://volksversand.de/ratgeber/", "https://volksversand.de/wirkstoffe/", "", "/faq", "https://volksversand.de/kontaktformular", "https://volksversand.de/volksversand-bonuspunkte", "https://volksversand.de/datenschutz", "https://volksversand.de/rueckrufservice", "https://volksversand.de/versandkosten", "https://volksversand.de/agb", "https://volksversand.de/liefer-und-zahlungsinformationen", "https://volksversand.de/impressum", "https://volksversand.de/widerrufsrecht", "/ratgeber/", "https://volksversand.de/rueckrufservice", "https://volksversand.de/versandkosten", "#product--publish-comment", "#content--product-reviews", "https://www.facebook.com/sharer.php?u=https://volksversand.de/arzneimittel/biochemie-dhu-balance-kur-3-x-200-tabletten-2845659&p[title]=Biochemie%20DHU%20Balance%20Kur%203%20x%20200%20Tabletten", "https://pinterest.com/pin/create/button/?url=https://volksversand.de/arzneimittel/biochemie-dhu-balance-kur-3-x-200-tabletten-2845659>&description=Biochemie%20DHU%20Balance%20Kur%203%20x%20200%20Tabletten", null, "https://volksversand.de/dhu/", "https://volksversand.de/versandkosten", "/volksversand-bonuspunkte", "https://volksversand.de/arzneimittel/biochemie-dhu-balance-kur-3-x-200-tabletten-2845659", "https://volksversand.de/arzneimittel/biochemie-dhu-balance-kur-3-x-80-tabletten-2918720", "#content--custom-crossselling", "#", "https://volksversand.de/arzneimittel/bepanthen-wund-und-heilsalbe-100-g-gratis-bepanthol-derma-regenerierende-koerperlotion-3x10-ml-pzn-01578847-3165677", "https://volksversand.de/arzneimittel/bepanthen-wund-und-heilsalbe-100-g-gratis-bepanthol-derma-regenerierende-koerperlotion-3x10-ml-pzn-01578847-3165677", "https://volksversand.de/arzneimittel/nasenduo-nasenspray-2-x-10-ml-pzn-12521543-2911972", "https://volksversand.de/arzneimittel/nasenduo-nasenspray-2-x-10-ml-pzn-12521543-2911972", "https://volksversand.de/beauty-und-pflege/la-roche-posay-anthelios-invisible-fluid-uvmune-400-lsf-50-50-ml-fluid-gratis-hydratisierende-creme-3-ml-pzn-17636587-3160389", "https://volksversand.de/beauty-und-pflege/la-roche-posay-anthelios-invisible-fluid-uvmune-400-lsf-50-50-ml-fluid-gratis-hydratisierende-creme-3-ml-pzn-17636587-3160389", "https://volksversand.de/lebensmittel/ricola-box-kraeuter-zuckerfrei-3-x-50-g-2848315", "https://volksversand.de/lebensmittel/ricola-box-kraeuter-zuckerfrei-3-x-50-g-2848315", "https://volksversand.de/beauty-und-pflege/cetaphil-feuchtigkeitscreme-453-g-gratis-reinigungslotion-236-ml-pzn-01874014-3135670", "https://volksversand.de/beauty-und-pflege/cetaphil-feuchtigkeitscreme-453-g-gratis-reinigungslotion-236-ml-pzn-01874014-3135670", "https://volksversand.de/artikel/handgelenk-blutdruckmessgeraet-ergobionik-gratis-fieberthermometer-weiss-flex-3168820", "https://volksversand.de/artikel/handgelenk-blutdruckmessgeraet-ergobionik-gratis-fieberthermometer-weiss-flex-3168820", "https://volksversand.de/nahrungsergaenzungsmittel/centrovision-lutein-15-mg-90-kapseln-gratis-centrovision-lutein-15-mg-18-kapseln-pzn-15401302-3154523", "https://volksversand.de/nahrungsergaenzungsmittel/centrovision-lutein-15-mg-90-kapseln-gratis-centrovision-lutein-15-mg-18-kapseln-pzn-15401302-3154523", "https://volksversand.de/nahrungsergaenzungsmittel/femibion-2-schwangerschaft-112-tabletten-und-112-kapseln-gratis-femibion-3-3-tage-kombipackung-pzn-15200035-3175296", "https://volksversand.de/nahrungsergaenzungsmittel/femibion-2-schwangerschaft-112-tabletten-und-112-kapseln-gratis-femibion-3-3-tage-kombipackung-pzn-15200035-3175296", "#content--also-bought", "#", "https://volksversand.de/arzneimittel/biochemie-dhu-energie-kur-3-x-200-tabletten-2845634", "https://volksversand.de/arzneimittel/biochemie-dhu-energie-kur-3-x-200-tabletten-2845634", "https://volksversand.de/arzneimittel/ibuprofen-medibond-400mg-schmerztabletten-50-stueck-pzn-12472371-2909844", "https://volksversand.de/arzneimittel/ibuprofen-medibond-400mg-schmerztabletten-50-stueck-pzn-12472371-2909844", "https://volksversand.de/arzneimittel/biochemie-dhu-haut-und-haar-kur-3-x-200-tabletten-2845667", "https://volksversand.de/arzneimittel/biochemie-dhu-haut-und-haar-kur-3-x-200-tabletten-2845667", "https://volksversand.de/arzneimittel/paracetamol-medibond-500mg-schmerztabletten-20-stueck-pzn-13720440-2910792", "https://volksversand.de/arzneimittel/paracetamol-medibond-500mg-schmerztabletten-20-stueck-pzn-13720440-2910792", "https://volksversand.de/nahrungsergaenzungsmittel/allga-med-entwaesserungs-kapseln-30-kapseln-pzn-11657424-2847390", "https://volksversand.de/nahrungsergaenzungsmittel/allga-med-entwaesserungs-kapseln-30-kapseln-pzn-11657424-2847390", "https://volksversand.de/arzneimittel/biochemie-dhu-fruehjahrs-kur-3-x-200-tabletten-2845626", "https://volksversand.de/arzneimittel/biochemie-dhu-fruehjahrs-kur-3-x-200-tabletten-2845626", "https://volksversand.de/arzneimittel/nasenspray-ratiopharm-erwachsene-2-x-15-ml-pzn-00999848-2277838", "https://volksversand.de/arzneimittel/nasenspray-ratiopharm-erwachsene-2-x-15-ml-pzn-00999848-2277838", "https://volksversand.de/arzneimittel/iberogast-classic-20-ml-pzn-16507534-3045846", "https://volksversand.de/arzneimittel/iberogast-classic-20-ml-pzn-16507534-3045846", "https://volksversand.de/arzneimittel/berberil-n-edo-augentropfen-30-x-0-5-ml-pzn-16507356-3029386", "https://volksversand.de/arzneimittel/berberil-n-edo-augentropfen-30-x-0-5-ml-pzn-16507356-3029386", "https://volksversand.de/arzneimittel/pyolysin-100-g-wund-und-heilsalbe-pzn-13725928-2929073", "https://volksversand.de/arzneimittel/pyolysin-100-g-wund-und-heilsalbe-pzn-13725928-2929073", "https://volksversand.de/arzneimittel/doloplant-bei-muskel-und-gelenkschmerzen-50-g-creme-pzn-11670181-2877926", "https://volksversand.de/arzneimittel/doloplant-bei-muskel-und-gelenkschmerzen-50-g-creme-pzn-11670181-2877926", "https://volksversand.de/arzneimittel/grippostad-c-24-kapseln-pzn-00571748-2055572", "https://volksversand.de/arzneimittel/grippostad-c-24-kapseln-pzn-00571748-2055572", "https://volksversand.de/arzneimittel/aspirin-plus-c-40-brausetabletten-pzn-03464237-2053452", "https://volksversand.de/arzneimittel/aspirin-plus-c-40-brausetabletten-pzn-03464237-2053452", "https://volksversand.de/arzneimittel/biochemie-dhu-2-calcium-phosphoricum-d6-200-tabletten-pzn-02580444-2054674", "https://volksversand.de/arzneimittel/biochemie-dhu-2-calcium-phosphoricum-d6-200-tabletten-pzn-02580444-2054674", "https://volksversand.de/arzneimittel/bepanthen-wund-und-heilsalbe-20-g-pzn-01580241-2054021", "https://volksversand.de/arzneimittel/bepanthen-wund-und-heilsalbe-20-g-pzn-01580241-2054021", "https://volksversand.de/nahrungsergaenzungsmittel/allga-med-entwaesserungs-kapseln-gratis-allgaeuer-latschenkiefer-beinlotion-50-ml-pzn-11657424-3164845", "https://volksversand.de/nahrungsergaenzungsmittel/allga-med-entwaesserungs-kapseln-gratis-allgaeuer-latschenkiefer-beinlotion-50-ml-pzn-11657424-3164845", "#", "#", "#", "#", "#", "#", "#", "#", "#", "mailto:info@volksversand.de", "/arzneimittel/angebote/", "https://volksversand.de/arzneimittel/angebote/", "https://volksversand.de/arzneimittel/neu-im-sortiment/", "/arzneimittel/", "https://volksversand.de/arzneimittel/erkaeltung-und-grippe/", "https://volksversand.de/arzneimittel/knochen-gelenke-und-muskeln/", "/arzneimittel/hausapotheke/", "https://volksversand.de/arzneimittel/hausapotheke/", "https://volksversand.de/arzneimittel/reiseapotheke/", "/arzneimittel/magen-und-darm/", "https://volksversand.de/arzneimittel/magen-und-darm/abfuehrmittel/", "https://volksversand.de/arzneimittel/magen-und-darm/durchfall/", "/arzneimittel/herz-kreislauf/", "https://volksversand.de/arzneimittel/gedaechtnis/", "https://volksversand.de/arzneimittel/gefaesse-und-venen/", "/naturheilmittel-und-homoeopathie/", "https://volksversand.de/naturheilmittel-und-homoeopathie/bachblueten/", "https://volksversand.de/naturheilmittel-und-homoeopathie/schuessler-salze/", "/beauty-und-pflege/", "https://volksversand.de/beauty-und-pflege/gesichtspflege/anti-aging/", "https://volksversand.de/beauty-und-pflege/gesichtspflege/empfindliche-haut/", "/tiergesundheit-und-tierbedarf/", "https://volksversand.de/tiergesundheit-und-tierbedarf/hunde/", "https://volksversand.de/tiergesundheit-und-tierbedarf/katzen/", "https://www.facebook.com/Volksversand-Versandapotheke-318812651653406", "https://instagram.com/volksversandversandapotheke/", "https://www.pinterest.de/volksversandversandapotheke/", "https://apps.apple.com/de/app/volksversand/id1069713065?mt=8", "https://play.google.com/store/apps/details?id=de.dupp.volkversand&hl=de", "/faq", "/gutscheine", "https://volksversand.de/versandkosten", "https://volksversand.de/liefer-und-zahlungsinformationen", "https://volksversand.de/widerrufsrecht", "javascript:openCookieConsentManager()", "https://volksversand.de/kontaktformular", "https://volksversand.de/rueckrufservice", "https://volksversand.de/kataloganforderung", "/ratgeber/", "/wechselwirkungscheck", "https://volksversand.de/bonuspunkte", "https://volksversand.de/datenschutz", "https://volksversand.de/agb", "https://volksversand.de/impressum", "/ueber-uns", "https://volksversand.de/job-angebote", "/partnerprogramm", "https://volksversand.de/datenschutz", "https://prehledy.sukl.cz/prehledy.html#/lekarny/54346000000?verify=true&referrer=https%3A%2F%2Fwww.volksversand.de%2F", "https://prehledy.sukl.cz/prehledy.html#/lekarny/54346000000?verify=true&referrer=https%3A%2F%2Fwww.volksversand.de%2F", "http://www.uskvbl.cz/en/inspections/lekarny/seznamy/detail?Id=54346000000", "https://prehledy.sukl.cz/prehledy.html#/lekarny/54346000000?verify=true&referrer=https%3A%2F%2Fwww.volksversand.de%2F", "http://www.uskvbl.cz/en/inspections/lekarny/seznamy/detail?Id=54346000000", "/bewertungen-zertifikate-und-auszeichnungen", "/bewertungen-zertifikate-und-auszeichnungen", "/bewertungen-zertifikate-und-auszeichnungen", "/bewertungen-zertifikate-und-auszeichnungen", "/bewertungen-zertifikate-und-auszeichnungen", "https://volksversand.de/datenschutz", "https://volksversand.de/agb", "https://volksversand.de/impressum", "/datenschutz", "/impressum", "#", "javascript:openCookieConsentManager()", "#", "#"]}