{"title": "11 Kr\u00e4uter, die das Immunsystem st\u00e4rken", "author": "Lea", "url": "https://www.plantura.garden/gruenes-leben/gesundheit/immunstaerkende-kraeuter", "hostname": "plantura.garden", "description": "Welche immunst\u00e4rkenden Kr\u00e4uter helfen uns, gegen Erk\u00e4ltung und Grippe gewappnet zu sein? Wir verraten Ihnen, welche Heilkr\u00e4uter f\u00fcr ein starkes", "sitename": "Plantura", "date": "2020-03-17", "id": null, "license": null, "body": null, "comments": "", "commentsbody": null, "raw_text": null, "text": "Welche immunst\u00e4rkenden Kr\u00e4uter helfen uns, gegen Erk\u00e4ltung und Grippe gewappnet zu sein? Wir verraten Ihnen, welche Heilkr\u00e4uter f\u00fcr ein starkes Immunsystem Sie ganz einfach selbst anbauen k\u00f6nnen. Kr\u00e4uter aus dem eigenen Garten helfen auf nat\u00fcrliche Weise, das Immunsystem zu st\u00e4rken und uns gegen Erk\u00e4ltungen zu wappnen [Foto: Madeleine Steinbach/ Shutterstock.com]\nMit der kalten Jahreszeit h\u00e4ufen sich Erk\u00e4ltungen und Grippeerkrankungen. Um aber auch im Winter gesund zu bleiben, brauchen wir ein starkes Immunsystem, das uns dabei unterst\u00fctzt, Viren abzuwehren. Um unsere Abwehrkr\u00e4fte zu st\u00e4rken, m\u00fcssen es aber keine Vitamintabletten oder andere Mittel aus der Apotheke sein. Kr\u00e4uter werden bereits seit der Antike zur St\u00e4rkung des Immunsystems eingesetzt und unterst\u00fctzen auf nat\u00fcrliche und nachhaltige Weise unsere Gesundheit. Das Beste dabei: Heilkr\u00e4uter k\u00f6nnen Sie ganz einfach im eigenen Garten, auf dem Balkon oder auf der Fensterbank anbauen. In unserem Artikel stellen wir Ihnen die elf besten Kr\u00e4uter f\u00fcr unser Immunsystem vor, die Sie kinderleicht selbst anbauen k\u00f6nnen, damit Sie Ihre eigene Hausapotheke wachsen lassen k\u00f6nnen.\nThymian\nSchon Hildegard von Bingen sch\u00e4tzte\nThymian ( Thymus vulgaris). Das mediterrane Kraut ist eines der wichtigsten Heilkr\u00e4uter bei Erk\u00e4ltungen und Atemwegserkrankungen. Doch Thymian ist auch ein wirksamer Helfer f\u00fcr ein starkes Immunsystem. Er steckt voller \u00e4therischer \u00d6le und Zink und l\u00e4sst sich getrocknet zum W\u00fcrzen, als \u00d6l oder Tinktur anwenden. Mit Wasser aufgegossen, ergibt Thymian einen wunderbaren Tee f\u00fcr ein starkes Immunsystem. Koriander Koriander ( Coriandrum sativum) kennen viele aus der asiatischen K\u00fcche. Aber wussten Sie, dass er auch als Heilkraut zur Immunst\u00e4rkung eingesetzt werden kann? Das liegt nat\u00fcrlich an den Inhaltsstoffen des Krautes: Koriander steckt voller \u00e4therischer \u00d6le, Cumarine, Phenols\u00e4uren und Sterole. Das Kraut wirkt antibakteriell und ist ein nat\u00fcrliches Antibiotikum. Frisch als Tee, \u00d6l oder Tinktur kann Koriander als Heilkraut zu Ihrer Gesundheit beitragen. Koriander ist ein starkes, nat\u00fcrliches Antibiotikum [Foto: PPMeth/ Shutterstock.com] Sauerampfer Sauerampfer ( Rumex acetosa) steckt voller Vitamin C und vermag somit unsere nat\u00fcrlichen Abwehrkr\u00e4fte zu st\u00e4rken. Au\u00dferdem ist das saure Kraut reich an den Vitaminen B1, B2, B6 und E. Frisch im Salat oder getrocknet zu Sauerampfertee zubereitet, ist Sauerampfer ein wirksames Heilkraut. K\u00fcmmel K\u00fcmmel ( Carum carvi) wird nicht nur als Gew\u00fcrz-, sondern auch als Heilpflanze eingesetzt. Die Samen sind verdauungsf\u00f6rdernd, antibakteriell, keimhemmend und ein nat\u00fcrliches Mittel gegen Pilze. K\u00fcmmel z\u00e4hlt also ebenfalls zu den immunst\u00e4rkenden Kr\u00e4utern. Tipp: Einige Kr\u00e4uter gegen Erk\u00e4ltungen k\u00f6nnen Sie auch bequem im eigenen Garten anbauen. Mehr dazu erfahren Sie in unserem Spezialartikel. Sonnenhut\nEines der beliebtesten Kr\u00e4uter f\u00fcr das Immunsystem ist\nSonnenhut, auch Echinacea genannt. Der Sonnenhut ( Echinacea) stammt urspr\u00fcnglich aus Nordamerika, ist aber schon lange bei uns bekannt und w\u00e4chst selbst in unserem Klima sehr gut. In der Pflanze stecken zahlreiche essenzielle \u00d6le, Flavonoide, Polysaccharide und Vitamin C, die aktiv das Immunsystem st\u00e4rken und auf diese Weise Erk\u00e4ltungen vorbeugen k\u00f6nnen. Als Heilmittel kann Echinacea als Tinktur oder Tee verwendet werden. Sonnenhut ist eine kraftvolle Pflanze zur St\u00e4rkung unseres Immunsystems [Foto: Burkhard Trautsch/ Shutterstock.com] Oregano\nEin weiteres nat\u00fcrliches Antibiotikum aus dem eigenen Garten ist\nOregano ( Origanum vulgare). Nat\u00fcrlich schmeckt das Kraut k\u00f6stlich zu Pizza, Pasta und Co; doch auch seine Heilwirkung ist nicht zu untersch\u00e4tzen. Als \u00d6l oder Tee wirkt Oregano antibakteriell und unterst\u00fctzt somit auf nat\u00fcrlichem Weg unser Immunsystem. Petersilie\nOb kraus oder glatt \u2013 kaum ein anderes Kraut ist bei uns beliebter als\nPetersilie ( Petroselinum crispum ssp. crispum). Sie steckt voller Vitamin C, Kalzium und Zink. Damit unterst\u00fctzt sie nicht nur unser Immunsystem, sondern wirkt auch positiv auf Blase und Niere. Kaum ein Kraut ist bei uns beliebter als Petersilie \u2013 sie hilft aber auch der Immunabwehr [Foto: rudolfgeiger/ Shutterstock.com] Tipp: Gesunde Kr\u00e4uter brauchen eine gesunde Erde, um wachsen und ihre volle Heilkraft entfalten zu k\u00f6nnen. Unsere Plantura Bio-Kr\u00e4uter- & Aussaaterde l\u00e4sst Ihre Kr\u00e4uter sprie\u00dfen und kommt v\u00f6llig ohne Chemie oder k\u00fcnstliche Zusatzstoffe aus. Unsere spezielle Kr\u00e4utererde ist somit schonend und nachhaltig f\u00fcr Sie wie auch die Umwelt und bietet zugleich die besten Voraussetzungen f\u00fcr das Wachsen Ihrer Kr\u00e4uter.\nBio-Kr\u00e4uter- & Aussaaterde 20 L\nIdeal f\u00fcr Kr\u00e4uter sowie zur Aussaat, Stecklingsvermehrung & zum Pikieren Sorgt f\u00fcr aromatische Kr\u00e4uter & kr\u00e4ftige Jungpflanzen mit starken Wurzeln Torffrei & klimafreundlich: CO 2-reduzierte Bio-Erde hergestellt in Deutschland Salbei\nAllein schon der Name des\nSalbeis ( Salvia) l\u00e4sst seine Heilwirkung erahnen: \u201eSalvare\u201c hei\u00dft im Lateinischen n\u00e4mlich so viel wie \u201eheilen\u201c. Besonders gut hilft das mediterrane Kraut gegen Halsschmerzen, aber auch seine positive Wirkung auf unsere Immunabwehr ist nicht zu untersch\u00e4tzen. Durch seine antibakterielle und entz\u00fcndungshemmende Wirkung ist Salbeitee ein starkes Mittel, um die Abwehrkr\u00e4fte zu st\u00e4rken. Kamille\nIn unserem K\u00f6rper sind wei\u00dfe Blutk\u00f6rperchen daf\u00fcr zust\u00e4ndig, Bakterien, Viren und Pilze im K\u00f6rper zu zerst\u00f6ren.\nKamille ( Matricaria chamomilla) unterst\u00fctzt den K\u00f6rper dabei, wei\u00dfe Blutk\u00f6rperchen zu produzieren. Somit bildet Kamillentee ein wunderbares Mittel, um unsere Immunabwehr zu aktivieren. Auch ein Dampfbad aus Kamillentee macht die Atemwege frei und hilft bei Erk\u00e4ltungen. Rosmarin\nMit seinem Reichtum an Rosmarin\u00f6l, Kampfer und Bitterstoffen z\u00e4hlt auch\nRosmarin ( Rosmarinus officinalis) zweifellos zu den Kr\u00e4utern, die das Immunsystem st\u00e4rken. Als Tee, \u00e4therisches \u00d6l oder Tinktur wirkt Rosmarin antibakteriell und entz\u00fcndungshemmend. Zudem hat er eine positive Wirkung auf die Verdauung, die Durchblutung und den Kreislauf. Rosmarin wirkt entz\u00fcndungshemmend und antibakteriell [Foto: Maren Winter/ Shutterstock.com] Zitronenmelisse\nEine der wichtigsten Ursachen f\u00fcr ein schwaches Immunsystem ist Stress. Ein Gl\u00fcck, dass es im Kr\u00e4utergarten auch ein effektives Mittel dagegen gibt.\nZitronenmelisse ( Melissa officinalis) wirkt beruhigend, hilft bei Angstst\u00f6rungen und unterst\u00fctzt uns beim Einschlafen. Auf die Frage, welcher Tee das Immunsystem st\u00e4rkt, k\u00f6nnen wir also ohne zu z\u00f6gern \u201eZitronenmelissentee\u201c antworten.\nNicht nur Kr\u00e4uter helfen bei der Immunsystemst\u00e4rkung. Auch Gew\u00fcrze tragen dazu bei, dass unsere Immunabwehr gewappnet ist f\u00fcr die n\u00e4chste Grippewelle. Diese k\u00f6nnen Sie nat\u00fcrlich auch selbst anbauen. Besonders immunst\u00e4rkend sind zum Beispiel\nIngwer ( Zingiber officinale), Kurkuma ( Curcuma longa), Knoblauch ( Allium sativum) und Meerrettich ( Armoracia rusticana).\nHaben Sie schon einmal selbst Kr\u00e4uter angebaut? Mit unserem\nPlantura Kr\u00e4uter-Anzuchtset funktioniert das kinderleicht. Das Set enth\u00e4lt 5 aromatische Kr\u00e4utersorten und alles, was Sie f\u00fcr die Anzucht brauchen \u2013 von Substrat und biologisch abbaubaren T\u00f6pfchen bis zu Pflanzschildern und einem wiederverwendbaren Mini-Gew\u00e4chshaus.\nKr\u00e4uter-Anzuchtset\nKomplettes Set zur Aussaat von 5 aromatischen Kr\u00e4utern Rundumpaket mit Samen, Anzuchtt\u00f6pfchen, Substrat & ausf\u00fchrlicher Anleitung Inklusive kostenlosem Video-Kurs - auch ideal f\u00fcr Anf\u00e4nger geeignet\nEine weitere gesundheitsf\u00f6rdernde Wirkung k\u00f6nnen\nbasische Kr\u00e4uter haben. Einen \u00dcberblick \u00fcber diese Kr\u00e4uter und deren Wirkung finden Sie in unserem Spezialartikel. Jetzt zur Plantura Garten-Post anmelden\n10% Willkommens-Rabatt f\u00fcr unseren Online-Shop sichern und w\u00f6chentlich tolle Tipps, saisonale Trends sowie Inspirationen rund ums Thema Garten von unserer Expertin erhalten.\n{ \"products\": [ { \"name\": \"3 passende \u00dcbert\u00f6pfe\", \"unitPrice\" : \"\", \"compareAtPriceString\": \"\", \"priceString\": \"29,97 \u20ac\", \"compareAtPrice\": 0.0, \"price\": 29.97, \"sale\":false, \"percentage\":\"\", \"badge\": \"\", \"url\": \"https://shop.plantura.garden/products/3-passende-uebertoepfe-zimmerpflanzen\", \"available\": true, \"availabilityInfo\":\"\", \"campaignInfo\":\"\",\"isSet\": false, \"priceLabel\": \"\", \"compareAtPriceLabel\": \"\",\"reviewsData\":{\"reviewCount\": 17, \"reviewAverageValue\": 4.6},\"image\": \"https://shop.plantura.garden/cdn/shop/files/PotSetType_3-catfriendly-mixed_1476x.png?v=1693466897\",\"tags\": \"eflora,save-with-plant\",\"bulletPoints\": [\"Set mit 3 \u00dcbert\u00f6pfen - passend f\u00fcr Ihre Zimmerpflanzen\",\"Passt genau: Sorgf\u00e4ltig f\u00fcr Ihre Pflanzen ausgew\u00e4hlt\",\"Bruchsicher, wasserdicht \\u0026 kein Untersetzer notwendig\"],\"variants\" : [ {\"sku\": \"AC-PSUC-0001\",\"available\": true, \"compareAtPriceString\": \"\", \"priceString\": \"29,97 \u20ac\", \"compareAtPrice\": 0.0, \"price\": 29.97, \"sale\":false, \"percentage\":\"\", \"priceCurrency\" : \"EUR\", \"url\" : \"https://shop.plantura.garden/products/3-passende-uebertoepfe-zimmerpflanzen?variant=43833329221898\",\"isSet\":false}, {\"sku\": \"AC-PSUC-0002\",\"available\": true, \"compareAtPriceString\": \"\", \"priceString\": \"29,97 \u20ac\", \"compareAtPrice\": 0.0, \"price\": 29.97, \"sale\":false, \"percentage\":\"\", \"priceCurrency\" : \"EUR\", \"url\" : \"https://shop.plantura.garden/products/3-passende-uebertoepfe-zimmerpflanzen?variant=43833329254666\",\"isSet\":false}, {\"sku\": \"AC-PSUC-0003\",\"available\": true, \"compareAtPriceString\": \"\", \"priceString\": \"29,97 \u20ac\", \"compareAtPrice\": 0.0, \"price\": 29.97, \"sale\":false, \"percentage\":\"\", \"priceCurrency\" : \"EUR\", \"url\" : \"https://shop.plantura.garden/products/3-passende-uebertoepfe-zimmerpflanzen?variant=43833329287434\",\"isSet\":false}, {\"sku\": \"AC-PSMX-0001\",\"available\": true, \"compareAtPriceString\": \"\", \"priceString\": \"32,97 \u20ac\", \"compareAtPrice\": 0.0, \"price\": 32.97, \"sale\":false, \"percentage\":\"\", \"priceCurrency\" : \"EUR\", \"url\" : \"https://shop.plantura.garden/products/3-passende-uebertoepfe-zimmerpflanzen?variant=43833329123594\",\"isSet\":false}, {\"sku\": \"AC-PSMX-0009\",\"available\": true, \"compareAtPriceString\": \"\", \"priceString\": \"33,97 \u20ac\", \"compareAtPrice\": 0.0, \"price\": 33.97, \"sale\":false, \"percentage\":\"\", \"priceCurrency\" : \"EUR\", \"url\" : \"https://shop.plantura.garden/products/3-passende-uebertoepfe-zimmerpflanzen?variant=44678641877258\",\"isSet\":false}, {\"sku\": \"AC-PSMX-0003\",\"available\": true, \"compareAtPriceString\": \"\", \"priceString\": \"36,97 \u20ac\", \"compareAtPrice\": 0.0, \"price\": 36.97, \"sale\":false, \"percentage\":\"\", \"priceCurrency\" : \"EUR\", \"url\" : \"https://shop.plantura.garden/products/3-passende-uebertoepfe-zimmerpflanzen?variant=43833329189130\",\"isSet\":false}, {\"sku\": \"AC-PSUC-0009\",\"available\": true, \"compareAtPriceString\": \"\", \"priceString\": \"36,97 \u20ac\", \"compareAtPrice\": 0.0, \"price\": 36.97, \"sale\":false, \"percentage\":\"\", \"priceCurrency\" : \"EUR\", \"url\" : \"https://shop.plantura.garden/products/3-passende-uebertoepfe-zimmerpflanzen?variant=43833329484042\",\"isSet\":false}, {\"sku\": \"AC-PSUC-0010\",\"available\": true, \"compareAtPriceString\": \"\", \"priceString\": \"36,97 \u20ac\", \"compareAtPrice\": 0.0, \"price\": 36.97, \"sale\":false, \"percentage\":\"\", \"priceCurrency\" : \"EUR\", \"url\" : \"https://shop.plantura.garden/products/3-passende-uebertoepfe-zimmerpflanzen?variant=43833329516810\",\"isSet\":false}, {\"sku\": \"AC-PSUC-0011\",\"available\": false, \"compareAtPriceString\": \"\", \"priceString\": \"36,97 \u20ac\", \"compareAtPrice\": 0.0, \"price\": 36.97, \"sale\":false, \"percentage\":\"\", \"priceCurrency\" : \"EUR\", \"url\" : \"https://shop.plantura.garden/products/3-passende-uebertoepfe-zimmerpflanzen?variant=43833329549578\",\"isSet\":false}, {\"sku\": \"AC-PSUC-0004\",\"available\": true, \"compareAtPriceString\": \"\", \"priceString\": \"38,97 \u20ac\", \"compareAtPrice\": 0.0, \"price\": 38.97, \"sale\":false, \"percentage\":\"\", \"priceCurrency\" : \"EUR\", \"url\" : \"https://shop.plantura.garden/products/3-passende-uebertoepfe-zimmerpflanzen?variant=43833329320202\",\"isSet\":false}, {\"sku\": \"AC-PSUC-0032\",\"available\": true, \"compareAtPriceString\": \"\", \"priceString\": \"39,97 \u20ac\", \"compareAtPrice\": 0.0, \"price\": 39.97, \"sale\":false, \"percentage\":\"\", \"priceCurrency\" : \"EUR\", \"url\" : \"https://shop.plantura.garden/products/3-passende-uebertoepfe-zimmerpflanzen?variant=44678641910026\",\"isSet\":false}, {\"sku\": \"AC-PSUC-0033\",\"available\": true, \"compareAtPriceString\": \"\", \"priceString\": \"39,97 \u20ac\", \"compareAtPrice\": 0.0, \"price\": 39.97, \"sale\":false, \"percentage\":\"\", \"priceCurrency\" : \"EUR\", \"url\" : \"https://shop.plantura.garden/products/3-passende-uebertoepfe-zimmerpflanzen?variant=44678641942794\",\"isSet\":false}, {\"sku\": \"AC-PSUC-0005\",\"available\": true, \"compareAtPriceString\": \"\", \"priceString\": \"41,97 \u20ac\", \"compareAtPrice\": 0.0, \"price\": 41.97, \"sale\":false, \"percentage\":\"\", \"priceCurrency\" : \"EUR\", \"url\" : \"https://shop.plantura.garden/products/3-passende-uebertoepfe-zimmerpflanzen?variant=43833329352970\",\"isSet\":false}, {\"sku\": \"AC-PSUC-0006\",\"available\": true, \"compareAtPriceString\": \"\", \"priceString\": \"41,97 \u20ac\", \"compareAtPrice\": 0.0, \"price\": 41.97, \"sale\":false, \"percentage\":\"\", \"priceCurrency\" : \"EUR\", \"url\" : \"https://shop.plantura.garden/products/3-passende-uebertoepfe-zimmerpflanzen?variant=43833329385738\",\"isSet\":false}, {\"sku\": \"AC-PSUC-0007\",\"available\": false, \"compareAtPriceString\": \"\", \"priceString\": \"41,97 \u20ac\", \"compareAtPrice\": 0.0, \"price\": 41.97, \"sale\":false, \"percentage\":\"\", \"priceCurrency\" : \"EUR\", \"url\" : \"https://shop.plantura.garden/products/3-passende-uebertoepfe-zimmerpflanzen?variant=43833329418506\",\"isSet\":false}, {\"sku\": \"AC-PSUC-0035\",\"available\": true, \"compareAtPriceString\": \"\", \"priceString\": \"41,97 \u20ac\", \"compareAtPrice\": 0.0, \"price\": 41.97, \"sale\":false, \"percentage\":\"\", \"priceCurrency\" : \"EUR\", \"url\" : \"https://shop.plantura.garden/products/3-passende-uebertoepfe-zimmerpflanzen?variant=44678641975562\",\"isSet\":false}, {\"sku\": \"AC-PSMX-0002\",\"available\": true, \"compareAtPriceString\": \"\", \"priceString\": \"43,97 \u20ac\", \"compareAtPrice\": 0.0, \"price\": 43.97, \"sale\":false, \"percentage\":\"\", \"priceCurrency\" : \"EUR\", \"url\" : \"https://shop.plantura.garden/products/3-passende-uebertoepfe-zimmerpflanzen?variant=43833329156362\",\"isSet\":false}, {\"sku\": \"AC-PSUC-0012\",\"available\": true, \"compareAtPriceString\": \"\", \"priceString\": \"44,97 \u20ac\", \"compareAtPrice\": 0.0, \"price\": 44.97, \"sale\":false, \"percentage\":\"\", \"priceCurrency\" : \"EUR\", \"url\" : \"https://shop.plantura.garden/products/3-passende-uebertoepfe-zimmerpflanzen?variant=43833329582346\",\"isSet\":false}, {\"sku\": \"AC-PSUC-0034\",\"available\": true, \"compareAtPriceString\": \"\", \"priceString\": \"44,97 \u20ac\", \"compareAtPrice\": 0.0, \"price\": 44.97, \"sale\":false, \"percentage\":\"\", \"priceCurrency\" : \"EUR\", \"url\" : \"https://shop.plantura.garden/products/3-passende-uebertoepfe-zimmerpflanzen?variant=44678642008330\",\"isSet\":false}, {\"sku\": \"AC-PSUC-0008\",\"available\": true, \"compareAtPriceString\": \"\", \"priceString\": \"47,97 \u20ac\", \"compareAtPrice\": 0.0, \"price\": 47.97, \"sale\":false, \"percentage\":\"\", \"priceCurrency\" : \"EUR\", \"url\" : \"https://shop.plantura.garden/products/3-passende-uebertoepfe-zimmerpflanzen?variant=43833329451274\",\"isSet\":false}], \"handle\" : \"3-passende-uebertoepfe-zimmerpflanzen\"}, { \"name\": \"4 passende \u00dcbert\u00f6pfe\", \"unitPrice\" : \"\", \"compareAtPriceString\": \"\", \"priceString\": \"43,96 \u20ac\", \"compareAtPrice\": 0.0, \"price\": 43.96, \"sale\":false, \"percentage\":\"\", \"badge\": \"\", \"url\": \"https://shop.plantura.garden/products/4-passende-uebertoepfe-zimmerpflanzen\", \"available\": true, \"availabilityInfo\":\"\", \"campaignInfo\":\"\",\"isSet\": false, \"priceLabel\": \"\", \"compareAtPriceLabel\": \"\",\"reviewsData\":{\"reviewCount\": 9, \"reviewAverageValue\": 4.4},\"image\": \"https://shop.plantura.garden/cdn/shop/files/PotSetType_4-animalfriendly-mixed_1476x.png?v=1693466967\",\"tags\": \"eflora,save-with-plant\",\"bulletPoints\": [\"Set mit 4 \u00dcbert\u00f6pfen - passend f\u00fcr Ihre Zimmerpflanzen\",\"Passt genau: Sorgf\u00e4ltig f\u00fcr Ihre Pflanzen ausgew\u00e4hlt\",\"Bruchsicher, wasserdicht \\u0026 kein Untersetzer notwendig\"],\"variants\" : [ {\"sku\": \"AC-PSMX-0012\",\"available\": true, \"compareAtPriceString\": \"\", \"priceString\": \"43,96 \u20ac\", \"compareAtPrice\": 0.0, \"price\": 43.96, \"sale\":false, \"percentage\":\"\", \"priceCurrency\" : \"EUR\", \"url\" : \"https://shop.plantura.garden/products/4-passende-uebertoepfe-zimmerpflanzen?variant=44678642401546\",\"isSet\":false}, {\"sku\": \"AC-PSUC-0013\",\"available\": true, \"compareAtPriceString\": \"\", \"priceString\": \"49,96 \u20ac\", \"compareAtPrice\": 0.0, \"price\": 49.96, \"sale\":false, \"percentage\":\"\", \"priceCurrency\" : \"EUR\", \"url\" : \"https://shop.plantura.garden/products/4-passende-uebertoepfe-zimmerpflanzen?variant=43833330303242\",\"isSet\":false}, {\"sku\": \"AC-PSUC-0014\",\"available\": true, \"compareAtPriceString\": \"\", \"priceString\": \"49,96 \u20ac\", \"compareAtPrice\": 0.0, \"price\": 49.96, \"sale\":false, \"percentage\":\"\", \"priceCurrency\" : \"EUR\", \"url\" : \"https://shop.plantura.garden/products/4-passende-uebertoepfe-zimmerpflanzen?variant=43833330336010\",\"isSet\":false}, {\"sku\": \"AC-PSUC-0015\",\"available\": true, \"compareAtPriceString\": \"\", \"priceString\": \"49,96 \u20ac\", \"compareAtPrice\": 0.0, \"price\": 49.96, \"sale\":false, \"percentage\":\"\", \"priceCurrency\" : \"EUR\", \"url\" : \"https://shop.plantura.garden/products/4-passende-uebertoepfe-zimmerpflanzen?variant=43833330368778\",\"isSet\":false}, {\"sku\": \"AC-PSMX-0004\",\"available\": true, \"compareAtPriceString\": \"\", \"priceString\": \"50,96 \u20ac\", \"compareAtPrice\": 0.0, \"price\": 50.96, \"sale\":false, \"percentage\":\"\", \"priceCurrency\" : \"EUR\", \"url\" : \"https://shop.plantura.garden/products/4-passende-uebertoepfe-zimmerpflanzen?variant=43833330237706\",\"isSet\":false}, {\"sku\": \"AC-PSMX-0010\",\"available\": true, \"compareAtPriceString\": \"\", \"priceString\": \"50,96 \u20ac\", \"compareAtPrice\": 0.0, \"price\": 50.96, \"sale\":false, \"percentage\":\"\", \"priceCurrency\" : \"EUR\", \"url\" : \"https://shop.plantura.garden/products/4-passende-uebertoepfe-zimmerpflanzen?variant=44678642434314\",\"isSet\":false}, {\"sku\": \"AC-PSMX-0011\",\"available\": true, \"compareAtPriceString\": \"\", \"priceString\": \"50,96 \u20ac\", \"compareAtPrice\": 0.0, \"price\": 50.96, \"sale\":false, \"percentage\":\"\", \"priceCurrency\" : \"EUR\", \"url\" : \"https://shop.plantura.garden/products/4-passende-uebertoepfe-zimmerpflanzen?variant=44678642467082\",\"isSet\":false}, {\"sku\": \"AC-PSUC-0017\",\"available\": true, \"compareAtPriceString\": \"\", \"priceString\": \"53,96 \u20ac\", \"compareAtPrice\": 0.0, \"price\": 53.96, \"sale\":false, \"percentage\":\"\", \"priceCurrency\" : \"EUR\", \"url\" : \"https://shop.plantura.garden/products/4-passende-uebertoepfe-zimmerpflanzen?variant=43833330434314\",\"isSet\":false}, {\"sku\": \"AC-PSUC-0018\",\"available\": true, \"compareAtPriceString\": \"\", \"priceString\": \"53,96 \u20ac\", \"compareAtPrice\": 0.0, \"price\": 53.96, \"sale\":false, \"percentage\":\"\", \"priceCurrency\" : \"EUR\", \"url\" : \"https://shop.plantura.garden/products/4-passende-uebertoepfe-zimmerpflanzen?variant=43833330467082\",\"isSet\":false}, {\"sku\": \"AC-PSUC-0019\",\"available\": false, \"compareAtPriceString\": \"\", \"priceString\": \"53,96 \u20ac\", \"compareAtPrice\": 0.0, \"price\": 53.96, \"sale\":false, \"percentage\":\"\", \"priceCurrency\" : \"EUR\", \"url\" : \"https://shop.plantura.garden/products/4-passende-uebertoepfe-zimmerpflanzen?variant=43833330499850\",\"isSet\":false}, {\"sku\": \"AC-PSUC-0016\",\"available\": true, \"compareAtPriceString\": \"\", \"priceString\": \"57,96 \u20ac\", \"compareAtPrice\": 0.0, \"price\": 57.96, \"sale\":false, \"percentage\":\"\", \"priceCurrency\" : \"EUR\", \"url\" : \"https://shop.plantura.garden/products/4-passende-uebertoepfe-zimmerpflanzen?variant=43833330401546\",\"isSet\":false}, {\"sku\": \"AC-PSMX-0005\",\"available\": false, \"compareAtPriceString\": \"\", \"priceString\": \"59,96 \u20ac\", \"compareAtPrice\": 0.0, \"price\": 59.96, \"sale\":false, \"percentage\":\"\", \"priceCurrency\" : \"EUR\", \"url\" : \"https://shop.plantura.garden/products/4-passende-uebertoepfe-zimmerpflanzen?variant=43833330270474\",\"isSet\":false}, {\"sku\": \"AC-PSUC-0020\",\"available\": true, \"compareAtPriceString\": \"\", \"priceString\": \"63,96 \u20ac\", \"compareAtPrice\": 0.0, \"price\": 63.96, \"sale\":false, \"percentage\":\"\", \"priceCurrency\" : \"EUR\", \"url\" : \"https://shop.plantura.garden/products/4-passende-uebertoepfe-zimmerpflanzen?variant=43833330532618\",\"isSet\":false}], \"handle\" : \"4-passende-uebertoepfe-zimmerpflanzen\"}, { \"name\": \"6 passende \u00dcbert\u00f6pfe\", \"unitPrice\" : \"\", \"compareAtPriceString\": \"\", \"priceString\": \"71,94 \u20ac\", \"compareAtPrice\": 0.0, \"price\": 71.94, \"sale\":false, \"percentage\":\"\", \"badge\": \"\", \"url\": \"https://shop.plantura.garden/products/6-passende-uebertoepfe-zimmerpflanzen\", \"available\": true, \"availabilityInfo\":\"\", \"campaignInfo\":\"\",\"isSet\": false, \"priceLabel\": \"\", \"compareAtPriceLabel\": \"\",\"reviewsData\":{\"reviewCount\": 18, \"reviewAverageValue\": 4.8},\"image\": \"https://shop.plantura.garden/cdn/shop/files/PotSetType_6-animalfriendly-mixed_1476x.png?v=1693467016\",\"tags\": \"eflora,save-with-plant\",\"bulletPoints\": [\"Set mit 6 \u00dcbert\u00f6pfen - passend f\u00fcr Ihre Zimmerpflanzen\",\"Passt genau: Sorgf\u00e4ltig f\u00fcr Ihre Pflanzen ausgew\u00e4hlt\",\"Bruchsicher, wasserdicht \\u0026 kein Untersetzer notwendig\"],\"variants\" : [ {\"sku\": \"AC-PSUC-0029\",\"available\": true, \"compareAtPriceString\": \"\", \"priceString\": \"71,94 \u20ac\", \"compareAtPrice\": 0.0, \"price\": 71.94, \"sale\":false, \"percentage\":\"\", \"priceCurrency\" : \"EUR\", \"url\" : \"https://shop.plantura.garden/products/6-passende-uebertoepfe-zimmerpflanzen?variant=44678642630922\",\"isSet\":false}, {\"sku\": \"AC-PSUC-0030\",\"available\": true, \"compareAtPriceString\": \"\", \"priceString\": \"71,94 \u20ac\", \"compareAtPrice\": 0.0, \"price\": 71.94, \"sale\":false, \"percentage\":\"\", \"priceCurrency\" : \"EUR\", \"url\" : \"https://shop.plantura.garden/products/6-passende-uebertoepfe-zimmerpflanzen?variant=44678642663690\",\"isSet\":false}, {\"sku\": \"AC-PSUC-0021\",\"available\": true, \"compareAtPriceString\": \"\", \"priceString\": \"73,94 \u20ac\", \"compareAtPrice\": 0.0, \"price\": 73.94, \"sale\":false, \"percentage\":\"\", \"priceCurrency\" : \"EUR\", \"url\" : \"https://shop.plantura.garden/products/6-passende-uebertoepfe-zimmerpflanzen?variant=43833331024138\",\"isSet\":false}, {\"sku\": \"AC-PSUC-0022\",\"available\": true, \"compareAtPriceString\": \"\", \"priceString\": \"73,94 \u20ac\", \"compareAtPrice\": 0.0, \"price\": 73.94, \"sale\":false, \"percentage\":\"\", \"priceCurrency\" : \"EUR\", \"url\" : \"https://shop.plantura.garden/products/6-passende-uebertoepfe-zimmerpflanzen?variant=43833331056906\",\"isSet\":false}, {\"sku\": \"AC-PSUC-0023\",\"available\": false, \"compareAtPriceString\": \"\", \"priceString\": \"73,94 \u20ac\", \"compareAtPrice\": 0.0, \"price\": 73.94, \"sale\":false, \"percentage\":\"\", \"priceCurrency\" : \"EUR\", \"url\" : \"https://shop.plantura.garden/products/6-passende-uebertoepfe-zimmerpflanzen?variant=43833331089674\",\"isSet\":false}, {\"sku\": \"AC-PSMX-0008\",\"available\": true, \"compareAtPriceString\": \"\", \"priceString\": \"74,94 \u20ac\", \"compareAtPrice\": 0.0, \"price\": 74.94, \"sale\":false, \"percentage\":\"\", \"priceCurrency\" : \"EUR\", \"url\" : \"https://shop.plantura.garden/products/6-passende-uebertoepfe-zimmerpflanzen?variant=44678642696458\",\"isSet\":false}, {\"sku\": \"AC-PSMX-0006\",\"available\": true, \"compareAtPriceString\": \"\", \"priceString\": \"76,94 \u20ac\", \"compareAtPrice\": 0.0, \"price\": 76.94, \"sale\":false, \"percentage\":\"\", \"priceCurrency\" : \"EUR\", \"url\" : \"https://shop.plantura.garden/products/6-passende-uebertoepfe-zimmerpflanzen?variant=43833330958602\",\"isSet\":false}, {\"sku\": \"AC-PSUC-0025\",\"available\": true, \"compareAtPriceString\": \"\", \"priceString\": \"76,94 \u20ac\", \"compareAtPrice\": 0.0, \"price\": 76.94, \"sale\":false, \"percentage\":\"\", \"priceCurrency\" : \"EUR\", \"url\" : \"https://shop.plantura.garden/products/6-passende-uebertoepfe-zimmerpflanzen?variant=43833331155210\",\"isSet\":false}, {\"sku\": \"AC-PSUC-0026\",\"available\": true, \"compareAtPriceString\": \"\", \"priceString\": \"76,94 \u20ac\", \"compareAtPrice\": 0.0, \"price\": 76.94, \"sale\":false, \"percentage\":\"\", \"priceCurrency\" : \"EUR\", \"url\" : \"https://shop.plantura.garden/products/6-passende-uebertoepfe-zimmerpflanzen?variant=43833331187978\",\"isSet\":false}, {\"sku\": \"AC-PSUC-0027\",\"available\": false, \"compareAtPriceString\": \"\", \"priceString\": \"76,94 \u20ac\", \"compareAtPrice\": 0.0, \"price\": 76.94, \"sale\":false, \"percentage\":\"\", \"priceCurrency\" : \"EUR\", \"url\" : \"https://shop.plantura.garden/products/6-passende-uebertoepfe-zimmerpflanzen?variant=43833331220746\",\"isSet\":false}, {\"sku\": \"AC-PSMX-0007\",\"available\": true, \"compareAtPriceString\": \"\", \"priceString\": \"80,94 \u20ac\", \"compareAtPrice\": 0.0, \"price\": 80.94, \"sale\":false, \"percentage\":\"\", \"priceCurrency\" : \"EUR\", \"url\" : \"https://shop.plantura.garden/products/6-passende-uebertoepfe-zimmerpflanzen?variant=43833330991370\",\"isSet\":false}, {\"sku\": \"AC-PSUC-0031\",\"available\": true, \"compareAtPriceString\": \"\", \"priceString\": \"86,94 \u20ac\", \"compareAtPrice\": 0.0, \"price\": 86.94, \"sale\":false, \"percentage\":\"\", \"priceCurrency\" : \"EUR\", \"url\" : \"https://shop.plantura.garden/products/6-passende-uebertoepfe-zimmerpflanzen?variant=44678642729226\",\"isSet\":false}, {\"sku\": \"AC-PSUC-0024\",\"available\": true, \"compareAtPriceString\": \"\", \"priceString\": \"89,94 \u20ac\", \"compareAtPrice\": 0.0, \"price\": 89.94, \"sale\":false, \"percentage\":\"\", \"priceCurrency\" : \"EUR\", \"url\" : \"https://shop.plantura.garden/products/6-passende-uebertoepfe-zimmerpflanzen?variant=43833331122442\",\"isSet\":false}, {\"sku\": \"AC-PSUC-0028\",\"available\": true, \"compareAtPriceString\": \"\", \"priceString\": \"89,94 \u20ac\", \"compareAtPrice\": 0.0, \"price\": 89.94, \"sale\":false, \"percentage\":\"\", \"priceCurrency\" : \"EUR\", \"url\" : \"https://shop.plantura.garden/products/6-passende-uebertoepfe-zimmerpflanzen?variant=43833331253514\",\"isSet\":false}], \"handle\" : \"6-passende-uebertoepfe-zimmerpflanzen\"}, { \"name\": \"Alocasia \\u0026#39;Polly\\u0026#39;\", \"unitPrice\" : \"\", \"compareAtPriceString\": \"\", \"priceString\": \"17,99 \u20ac\", \"compareAtPrice\": 0.0, \"price\": 17.99, \"sale\":false, \"percentage\":\"\", \"badge\": \"\", \"url\": \"https://shop.plantura.garden/products/alocasia-amazonica-polly\", \"available\": true, \"availabilityInfo\":\"\", \"campaignInfo\":\"zimmerpflanzen\",\"isSet\": false, \"priceLabel\": \"\", \"compareAtPriceLabel\": \"\",\"reviewsData\":{\"reviewCount\": 4, \"reviewAverageValue\": 4.8},\"image\": \"https://shop.plantura.garden/cdn/shop/files/plantura-alocasia-polly-kaufen_1476x.png?v=1693465279\",\"tags\": \"alocasia,alocasia amazonica,alocasia amazonica polly,alocasia polly,eflora,gr\u00fcnpflanzen,indoor,limited-quantity,live plants,luftreinigend,pflanzen,pfleilblatt polly,pot-discount,special leaf,wenig licht\",\"bulletPoints\": [\"Auffallend sch\u00f6ne Bl\u00e4tter mit heller Aderung \\u0026 gl\u00e4nzender Oberfl\u00e4che\",\"Ideal f\u00fcr fortgeschrittene Pflanzenfreunde\",\"Tropische Zimmerpflanze f\u00fcr helle bis halbschattige Standorte\"],\"variants\" : [ {\"sku\": \"IP-ALAM-0067\",\"available\": true, \"compareAtPriceString\": \"\", \"priceString\": \"17,99 \u20ac\", \"compareAtPrice\": 0.0, \"price\": 17.99, \"sale\":false, \"percentage\":\"\", \"priceCurrency\" : \"EUR\", \"url\" : \"https://shop.plantura.garden/products/alocasia-amazonica-polly?variant=44678624051466\",\"isSet\":false}, {\"sku\": \"IP-ALAM-0029\",\"available\": true, \"compareAtPriceString\": \"\", \"priceString\": \"29,99 \u20ac\", \"compareAtPrice\": 0.0, \"price\": 29.99, \"sale\":false, \"percentage\":\"\", \"priceCurrency\" : \"EUR\", \"url\" : \"https://shop.plantura.garden/products/alocasia-amazonica-polly?variant=44678624084234\",\"isSet\":false}], \"handle\" : \"alocasia-amazonica-polly\"}, { \"name\": \"Alocasia zebrina\", \"unitPrice\" : \"\", \"compareAtPriceString\": \"\", \"priceString\": \"32,99 \u20ac\", \"compareAtPrice\": 0.0, \"price\": 32.99, \"sale\":false, \"percentage\":\"\", \"badge\": \"\", \"url\": \"https://shop.plantura.garden/products/alocasia-zebrina\", \"available\": true, \"availabilityInfo\":\"\", \"campaignInfo\":\"zimmerpflanzen\",\"isSet\": false, \"priceLabel\": \"\", \"compareAtPriceLabel\": \"\",\"reviewsData\":{\"reviewCount\": 14, \"reviewAverageValue\": 4.9},\"image\": \"https://shop.plantura.garden/cdn/shop/products/plantura-alocasia-zebrina-kaufen_1476x.png?v=1663155575\",\"tags\": \"alocasia,eflora,elefantenohr,gr\u00fcnpflanzen,indoor,live plants,pflanzen,pot-discount\",\"bulletPoints\": [\"Tropische Zimmerpflanze mit herzf\u00f6rmigen Bl\u00e4ttern \\u0026 auff\u00e4llig gestreiften Stielen\",\"Perfekt f\u00fcr schon etwas erfahrene Pflanzenfreunde\",\"Gedeiht in jedem Raum \\u0026 liebt besonders helle Standorte\"],\"variants\" : [ {\"sku\": \"IP-ALZE-0015\",\"available\": true, \"compareAtPriceString\": \"\", \"priceString\": \"32,99 \u20ac\", \"compareAtPrice\": 0.0, \"price\": 32.99, \"sale\":false, \"percentage\":\"\", \"priceCurrency\" : \"EUR\", \"url\" : \"https://shop.plantura.garden/products/alocasia-zebrina?variant=43725396312330\",\"isSet\":false}], \"handle\" : \"alocasia-zebrina\"}, { \"name\": \"Aloe vera\", \"unitPrice\" : \"\", \"compareAtPriceString\": \"\", \"priceString\": \"16,99 \u20ac\", \"compareAtPrice\": 0.0, \"price\": 16.99, \"sale\":false, \"percentage\":\"\", \"badge\": \"\", \"url\": \"https://shop.plantura.garden/products/aloe-vera\", \"available\": true, \"availabilityInfo\":\"\", \"campaignInfo\":\"zimmerpflanzen\",\"isSet\": false, \"priceLabel\": \"\", \"compareAtPriceLabel\": \"\",\"reviewsData\":{\"reviewCount\": 1, \"reviewAverageValue\": 5.0},\"image\": \"https://shop.plantura.garden/cdn/shop/files/plantura-aloe-vera-kaufen_1476x.png?v=1693465334\",\"tags\": \"aloe,echte aloe,eflora,gr\u00fcnpflanzen,indoor,kaktus,limited-quantity,live plants,pflanzen,pflegeleicht,pot-discount,succulents,sukkulente\",\"bulletPoints\": [\"Sukkulente Heilpflanze mit blaugr\u00fcnen Bl\u00e4ttern\",\"Gen\u00fcgsam \\u0026 sehr pflegeleicht \u2013 ideal f\u00fcr Einsteiger\",\"Liebt sehr helle bis halbschattige Standorte\"],\"variants\" : [ {\"sku\": \"IP-ALVE-0059\",\"available\": true, \"compareAtPriceString\": \"\", \"priceString\": \"16,99 \u20ac\", \"compareAtPrice\": 0.0, \"price\": 16.99, \"sale\":false, \"percentage\":\"\", \"priceCurrency\" : \"EUR\", \"url\" : \"https://shop.plantura.garden/products/aloe-vera?variant=44678625788170\",\"isSet\":false}, {\"sku\": \"IP-ALVE-0073\",\"available\": true, \"compareAtPriceString\": \"\", \"priceString\": \"22,99 \u20ac\", \"compareAtPrice\": 0.0, \"price\": 22.99, \"sale\":false, \"percentage\":\"\", \"priceCurrency\" : \"EUR\", \"url\" : \"https://shop.plantura.garden/products/aloe-vera?variant=44678625820938\",\"isSet\":false}], \"handle\" : \"aloe-vera\"}, { \"name\": \"Amberbaum \\u0026#39;Worplesdon\\u0026#39;\", \"unitPrice\" : \"\", \"compareAtPriceString\": \"\", \"priceString\": \"49,99 \u20ac\", \"compareAtPrice\": 0.0, \"price\": 49.99, \"sale\":false, \"percentage\":\"\", \"badge\": \"\", \"url\": \"https://shop.plantura.garden/products/amberbaum-worplesdon\", \"available\": true, \"availabilityInfo\":\"\", \"campaignInfo\":\"pflanzen-draussen\",\"isSet\": false, \"priceLabel\": \"\", \"compareAtPriceLabel\": \"\",\"reviewsData\":{\"reviewCount\": 0, \"reviewAverageValue\": 0.0},\"image\": \"https://shop.plantura.garden/cdn/shop/files/amberbaum-worplesdon-kaufen_1378x.png?v=1692797237\",\"tags\": \"ambertree,beefriendly,birdfriendly,deciduous shrubs,drought tolerant,flowering shrubs,foliage,jeddeloh,liquidambar styraciflua,live plants,outdoor,pflanzen,pot-discount,seesternbaum\",\"bulletPoints\": [\"Leuchtend purpur- bis feuerrote Herbstf\u00e4rbung\",\"Dekorative Rinde \\u0026 tolle Wuchsform\",\"Pflegeleichter \\u0026 anspruchsloser Baum\"],\"variants\" : [ {\"sku\": \"OP-LIST-0237\",\"available\": true, \"compareAtPriceString\": \"\", \"priceString\": \"49,99 \u20ac\", \"compareAtPrice\": 0.0, \"price\": 49.99, \"sale\":false, \"percentage\":\"\", \"priceCurrency\" : \"EUR\", \"url\" : \"https://shop.plantura.garden/products/amberbaum-worplesdon?variant=44327850869002\",\"isSet\":false}], \"handle\" : \"amberbaum-worplesdon\"}, { \"name\": \"Ameisenmittel InsectoSec\u00ae 150 g\", \"unitPrice\" : \"Grundpreis: 66,60 \u20ac/kg\", \"compareAtPriceString\": \"\", \"priceString\": \"9,99 \u20ac\", \"compareAtPrice\": 0.0, \"price\": 9.99, \"sale\":false, \"percentage\":\"\", \"badge\": \"\", \"url\": \"https://shop.plantura.garden/products/ameisenmittel-insectosec-150-g\", \"available\": true, \"availabilityInfo\":\"\", \"campaignInfo\":\"pflanzenschutz\",\"isSet\": false, \"priceLabel\": \"\", \"compareAtPriceLabel\": \"\",\"reviewsData\":{\"reviewCount\": 126, \"reviewAverageValue\": 4.3},\"image\": \"https://shop.plantura.garden/cdn/shop/files/ameisenmittel-insectosec-plantura_1476x.png?v=1691137028\",\"tags\": \"Ameisen,asseln,biocides,category_n\u00fctzlinge-&-pflanzenschutz,diatomeenerde,kellerasseln,kieselgur,silberfischchen,silberfische\",\"bulletPoints\": [\"Zur zuverl\u00e4ssigen Bek\u00e4mpfung von Ameisen, Kellerasseln \\u0026 Silberfischchen\",\"Nachhaltig \\u0026 geruchlos: Puder aus versteinerten Kieselalgen\",\"Nicht bienengef\u00e4hrlich (B4) - anwendbar im Haus, auf Terrassen, Balkonen \\u0026 im Garten\"],\"variants\" : [ {\"sku\": \"59-3P5W-O5J0\",\"available\": true, \"compareAtPriceString\": \"\", \"priceString\": \"9,99 \u20ac\", \"compareAtPrice\": 0.0, \"price\": 9.99, \"sale\":false, \"percentage\":\"\", \"priceCurrency\" : \"EUR\", \"url\" : \"https://shop.plantura.garden/products/ameisenmittel-insectosec-150-g?variant=33327312994392\",\"isSet\":false}, {\"sku\": \"LX-M10I-9DZZ\",\"available\": true, \"compareAtPriceString\": \"19,98 \u20ac\", \"priceString\": \"18,99 \u20ac\", \"compareAtPrice\": 19.98, \"price\": 18.99, \"sale\":true, \"percentage\":\"5%\", \"priceCurrency\" : \"EUR\", \"url\" : \"https://shop.plantura.garden/products/ameisenmittel-insectosec-150-g?variant=33327313027160\",\"isSet\":true }, {\"sku\": \"Z2-OPKU-6ZQ2\",\"available\": true, \"compareAtPriceString\": \"39,96 \u20ac\", \"priceString\": \"36,99 \u20ac\", \"compareAtPrice\": 39.96, \"price\": 36.99, \"sale\":true, \"percentage\":\"7%\", \"priceCurrency\" : \"EUR\", \"url\" : \"https://shop.plantura.garden/products/ameisenmittel-insectosec-150-g?variant=33327313059928\",\"isSet\":true }, {\"sku\": \"6P-0Q0W-M0YV\",\"available\": true, \"compareAtPriceString\": \"119,88 \u20ac\", \"priceString\": \"107,99 \u20ac\", \"compareAtPrice\": 119.88, \"price\": 107.99, \"sale\":true, \"percentage\":\"10%\", \"priceCurrency\" : \"EUR\", \"url\" : \"https://shop.plantura.garden/products/ameisenmittel-insectosec-150-g?variant=33327313092696\",\"isSet\":true }], \"handle\" : \"ameisenmittel-insectosec-150-g\"}, { \"name\": \"Amerikanische Weigelie \\u0026#39;Cool Splash\\u0026#39;\u00ae Leuchtend Gelb\", \"unitPrice\" : \"\", \"compareAtPriceString\": \"\", \"priceString\": \"24,99 \u20ac\", \"compareAtPrice\": 0.0, \"price\": 24.99, \"sale\":false, \"percentage\":\"\", \"badge\": \"\", \"url\": \"https://shop.plantura.garden/products/amerikanische-weigelie-cool-splash-gelb\", \"available\": true, \"availabilityInfo\":\"\", \"campaignInfo\":\"pflanzen-draussen\",\"isSet\": false, \"priceLabel\": \"\", \"compareAtPriceLabel\": \"\",\"reviewsData\":{\"reviewCount\": 2, \"reviewAverageValue\": 5.0},\"image\": \"https://shop.plantura.garden/cdn/shop/files/amerikanische-weigelie-cool-splash-kaufen_1132x.png?v=1691763647\",\"tags\": \"balcony,beefriendly,buschgei\u00dfblatt,deciduous shrubs,flowering shrubs,jeddeloh,live plants,outdoor,pflanzen,pot-discount,weigela\",\"bulletPoints\": [\"Gr\u00fcn-wei\u00df panaschiertes Laub \\u0026 gelbe Bl\u00fcten\\n\",\"Unverzichtbare Bienenweide mit Bl\u00fcte zwischen Juni \\u0026 Juli\\n\",\"Pflegeleicht: Auch ideal f\u00fcr Einsteiger geeignet\\n\"],\"variants\" : [ {\"sku\": \"OP-DISE-0271\",\"available\": true, \"compareAtPriceString\": \"\", \"priceString\": \"24,99 \u20ac\", \"compareAtPrice\": 0.0, \"price\": 24.99, \"sale\":false, \"percentage\":\"\", \"priceCurrency\" : \"EUR\", \"url\" : \"https://shop.plantura.garden/products/amerikanische-weigelie-cool-splash-gelb?variant=44373879619850\",\"isSet\":false}], \"handle\" : \"amerikanische-weigelie-cool-splash-gelb\"}, { \"name\": \"Apfelbeere \\u0026#39;Viking\\u0026#39;\", \"unitPrice\" : \"\", \"compareAtPriceString\": \"\", \"priceString\": \"22,99 \u20ac\", \"compareAtPrice\": 0.0, \"price\": 22.99, \"sale\":false, \"percentage\":\"\", \"badge\": \"\", \"url\": \"https://shop.plantura.garden/products/apfelbeere-viking\", \"available\": true, \"availabilityInfo\":\"\", \"campaignInfo\":\"pflanzen-draussen\",\"isSet\": false, \"priceLabel\": \"\", \"compareAtPriceLabel\": \"\",\"reviewsData\":{\"reviewCount\": 8, \"reviewAverageValue\": 4.8},\"image\": \"https://shop.plantura.garden/cdn/shop/files/apfelbeere-viking-kaufen_1476x.png?v=1692795937\",\"tags\": \"aronia,aronia prunifolia,aroniabeere,beefriendly,birdfriendly,deciduous shrubs,drought tolerant,flowering shrubs,fruit,jeddeloh,live plants,outdoor,pflanzen,pot-discount,spring bloomer\",\"bulletPoints\": [\"Bienenfreundliche, duftende Bl\u00fcten in strahlendem Wei\u00df\",\"Essbares Wildobst: Ideal f\u00fcr Konfit\u00fcren oder als Vogeln\u00e4hrgeh\u00f6lz\",\"Bereits 5 Jahre alte, kr\u00e4ftige Pflanze aus Topfkultur mit gesunden Wurzeln\"],\"variants\" : [ {\"sku\": \"OP-ARPR-0130\",\"available\": true, \"compareAtPriceString\": \"\", \"priceString\": \"22,99 \u20ac\", \"compareAtPrice\": 0.0, \"price\": 22.99, \"sale\":false, \"percentage\":\"\", \"priceCurrency\" : \"EUR\", \"url\" : \"https://shop.plantura.garden/products/apfelbeere-viking?variant=44327839138058\",\"isSet\":false}], \"handle\" : \"apfelbeere-viking\"}, { \"name\": \"Asiagarten Dunkles Laub (4er Set)\", \"unitPrice\" : \"\", \"compareAtPriceString\": \"138,96 \u20ac\", \"priceString\": \"119,99 \u20ac\", \"compareAtPrice\": 138.96, \"price\": 119.99, \"sale\":true, \"percentage\":\"14%\", \"badge\": \"angebot\", \"url\": \"https://shop.plantura.garden/products/asiagarten-dunkles-laub-4er-set\", \"available\": false, \"availabilityInfo\":\"\", \"campaignInfo\":\"pflanzen-draussen\",\"isSet\": true, \"priceLabel\": \"Im Set\", \"compareAtPriceLabel\": \"Einzeln\",\"reviewsData\":{\"reviewCount\": 1, \"reviewAverageValue\": 5.0},\"image\": \"https://shop.plantura.garden/cdn/shop/files/set-asiagarten-pflanzen-dunkles-laub-kaufen_1132x.png?v=1691762214\",\"tags\": \"angebot,asia,asiatische gartenpflanzen,asiatische pflanze,asiatische str\u00e4ucher,bamboo,blood grass,blood plum,bundle,cherry blossom,deciduous shrubs,foliage,jeddeloh,live plants,maple,ornamental grasses,outdoor,pflanzen,pflanzen f\u00fcr asiatischen garten,pot-discount,set\",\"bulletPoints\": [\"Dramatisches Set f\u00fcr asiatisches Flair im Garten\",\"Spannende Kombination aus Rot- \\u0026 Gr\u00fcnt\u00f6nen\",\"Mit F\u00e4cherahorn, Blutgras, Bambus \\u0026 Blutpflaume\"],\"variants\" : [ {\"sku\": \"OB-ACPA-0009\",\"available\": false, \"compareAtPriceString\": \"138,96 \u20ac\", \"priceString\": \"119,99 \u20ac\", \"compareAtPrice\": 138.96, \"price\": 119.99, \"sale\":true, \"percentage\":\"14%\", \"priceCurrency\" : \"EUR\", \"url\" : \"https://shop.plantura.garden/products/asiagarten-dunkles-laub-4er-set?variant=44327823147274\",\"isSet\":true }], \"handle\" : \"asiagarten-dunkles-laub-4er-set\"}, { \"name\": \"Asiagarten Frisches Gr\u00fcn (4er Set)\", \"unitPrice\" : \"\", \"compareAtPriceString\": \"128,96 \u20ac\", \"priceString\": \"114,99 \u20ac\", \"compareAtPrice\": 128.96, \"price\": 114.99, \"sale\":true, \"percentage\":\"11%\", \"badge\": \"angebot\", \"url\": \"https://shop.plantura.garden/products/asiagarten-frisches-gruen-4er-set\", \"available\": false, \"availabilityInfo\":\"\", \"campaignInfo\":\"pflanzen-draussen\",\"isSet\": true, \"priceLabel\": \"Im Set\", \"compareAtPriceLabel\": \"Einzeln\",\"reviewsData\":{\"reviewCount\": 1, \"reviewAverageValue\": 5.0},\"image\": \"https://shop.plantura.garden/cdn/shop/files/set-asiagarten-pflanzen-frisch-gruen-kaufen_1132x.png?v=1691762237\",\"tags\": \"angebot,asia,asiatische gartenpflanzen,asiatische pflanze,asiatische str\u00e4ucher,bamboo,bundle,cherry blossom,deciduous shrubs,foliage,jeddeloh,live plants,maple,ornamental grasses,outdoor,pflanzen,pflanzen f\u00fcr asiatischen garten,pot-discount,prunus,set,switchgrass\",\"bulletPoints\": [\"Elegante Kombination f\u00fcr asiatisches Flair im Garten\",\"Sorgf\u00e4ltig ausgew\u00e4hlte Einzelst\u00fccke in frischen Gr\u00fcnt\u00f6nen\",\"Mit F\u00e4cherahorn, Bambus, Zierkirsche \\u0026 Ziergras\"],\"variants\" : [ {\"sku\": \"OB-ACPA-0010\",\"available\": false, \"compareAtPriceString\": \"128,96 \u20ac\", \"priceString\": \"114,99 \u20ac\", \"compareAtPrice\": 128.96, \"price\": 114.99, \"sale\":true, \"percentage\":\"11%\", \"priceCurrency\" : \"EUR\", \"url\" : \"https://shop.plantura.garden/products/asiagarten-frisches-gruen-4er-set?variant=44327823966474\",\"isSet\":true }], \"handle\" : \"asiagarten-frisches-gruen-4er-set\"}, { \"name\": \"Asiagarten Zen (4er Set)\", \"unitPrice\" : \"\", \"compareAtPriceString\": \"144,96 \u20ac\", \"priceString\": \"129,99 \u20ac\", \"compareAtPrice\": 144.96, \"price\": 129.99, \"sale\":true, \"percentage\":\"10%\", \"badge\": \"angebot\", \"url\": \"https://shop.plantura.garden/products/asiagarten-zen-4er-set\", \"available\": false, \"availabilityInfo\":\"\", \"campaignInfo\":\"pflanzen-draussen\",\"isSet\": true, \"priceLabel\": \"Im Set\", \"compareAtPriceLabel\": \"Einzeln\",\"reviewsData\":{\"reviewCount\": 1, \"reviewAverageValue\": 5.0},\"image\": \"https://shop.plantura.garden/cdn/shop/files/set-asiagarten-pflanzen-zen-kaufen_1181x.png?v=1691762258\",\"tags\": \"angebot,asia,asiatische gartenpflanzen,asiatische pflanze,asiatische str\u00e4ucher,blood grass,bundle,deciduous shrubs,jeddeloh,live plants,maple,ornamental grasses,outdoor,pflanzen,pflanzen f\u00fcr asiatischen garten,pine,pot-discount,set,weihnachtsbaum,zengarten\",\"bulletPoints\": [\"Ausgew\u00e4hlte Sorten f\u00fcr Zengarten-Flair zuhause\",\"Premium-Set aus Ziergr\u00e4sern \\u0026 au\u00dfergew\u00f6hnlichen Geh\u00f6lzen\",\"Mit Japanischem Blutgras, Schlitzahorn \\u0026 Schlangenhaut-Kiefer\"],\"variants\" : [ {\"sku\": \"OB-ACPA-0011\",\"available\": false, \"compareAtPriceString\": \"144,96 \u20ac\", \"priceString\": \"129,99 \u20ac\", \"compareAtPrice\": 144.96, \"price\": 129.99, \"sale\":true, \"percentage\":\"10%\", \"priceCurrency\" : \"EUR\", \"url\" : \"https://shop.plantura.garden/products/asiagarten-zen-4er-set?variant=44327824883978\",\"isSet\":true }], \"handle\" : \"asiagarten-zen-4er-set\"}, { \"name\": \"Balkonoase Starter-Set\", \"unitPrice\" : \"\", \"compareAtPriceString\": \"39,97 \u20ac\", \"priceString\": \"33,99 \u20ac\", \"compareAtPrice\": 39.97, \"price\": 33.99, \"sale\":false, \"percentage\":\"15%\", \"badge\": \"angebot\", \"url\": \"https://shop.plantura.garden/products/balkonoase-starter-set\", \"available\": true, \"availabilityInfo\":\"\", \"campaignInfo\":\"sparset-mix\",\"isSet\": true, \"priceLabel\": \"Im Set\", \"compareAtPriceLabel\": \"Einzeln\",\"reviewsData\":{\"reviewCount\": 5, \"reviewAverageValue\": 5.0},\"image\": \"https://shop.plantura.garden/cdn/shop/files/balkonoase-starter-set-kaufen_1624x.png?v=1690964959\",\"tags\": \"angebot,aov bundle,beefriendly seeds,bundle,fertilizer,grow flowers,liquid fertilizer,set,soils\",\"bulletPoints\": [\"Bringen Sie Ihren Balkon zum Bl\u00fchen\",\"Starter-Set f\u00fcr eine insektenfreundliche Balkonoase\",\"Mit Blumen-Saatgut, torffreier Erde \\u0026 Bio-Blumend\u00fcnger\"],\"variants\" : [ {\"sku\": \"BD-BAOA-0006\",\"available\": true, \"compareAtPriceString\": \"39,97 \u20ac\", \"priceString\": \"33,99 \u20ac\", \"compareAtPrice\": 39.97, \"price\": 33.99, \"sale\":true, \"percentage\":\"15%\", \"priceCurrency\" : \"EUR\", \"url\" : \"https://shop.plantura.garden/products/balkonoase-starter-set?variant=44478969217290\",\"isSet\":true }], \"handle\" : \"balkonoase-starter-set\"}, { \"name\": \"Ballhortensie \\u0026#39;Annabelle\\u0026#39; Wei\u00df\", \"unitPrice\" : \"\", \"compareAtPriceString\": \"\", \"priceString\": \"26,99 \u20ac\", \"compareAtPrice\": 0.0, \"price\": 26.99, \"sale\":false, \"percentage\":\"\", \"badge\": \"angebot\", \"url\": \"https://shop.plantura.garden/products/ballhortensie-annabelle-weiss\", \"available\": false, \"availabilityInfo\":\"\", \"campaignInfo\":\"pflanzen-draussen\",\"isSet\": false, \"priceLabel\": \"\", \"compareAtPriceLabel\": \"\",\"reviewsData\":{\"reviewCount\": 2, \"reviewAverageValue\": 5.0},\"image\": \"https://shop.plantura.garden/cdn/shop/files/ballhortensie-annabelle-kaufen_1476x.png?v=1691763939\",\"tags\": \"beefriendly,flowering shrubs,hortensie,hydrangea,jeddeloh,live plants,outdoor,pflanzen,pot-discount,schneeballhortensie\",\"bulletPoints\": [\"Spektakul\u00e4r gro\u00dfe, strahlend wei\u00dfe Bl\u00fctenb\u00e4lle (bis zu 25 cm)\",\"Bew\u00e4hrter Klassiker mit extra langer Bl\u00fctezeit \\u0026 dichtem Wuchs\",\"Pflegeleicht, schattenvertr\u00e4glich \\u0026 f\u00fcr Einsteiger geeignet\"],\"variants\" : [ {\"sku\": \"OP-HYAR-0275\",\"available\": false, \"compareAtPriceString\": \"\", \"priceString\": \"26,99 \u20ac\", \"compareAtPrice\": 0.0, \"price\": 26.99, \"sale\":false, \"percentage\":\"\", \"priceCurrency\" : \"EUR\", \"url\" : \"https://shop.plantura.garden/products/ballhortensie-annabelle-weiss?variant=44373887320330\",\"isSet\":false}, {\"sku\": \"OP-HYAR-0273\",\"available\": false, \"compareAtPriceString\": \"\", \"priceString\": \"42,99 \u20ac\", \"compareAtPrice\": 0.0, \"price\": 42.99, \"sale\":false, \"percentage\":\"\", \"priceCurrency\" : \"EUR\", \"url\" : \"https://shop.plantura.garden/products/ballhortensie-annabelle-weiss?variant=44373887353098\",\"isSet\":false}, {\"sku\": \"OP-HYAR-0274\",\"available\": false, \"compareAtPriceString\": \"\", \"priceString\": \"69,99 \u20ac\", \"compareAtPrice\": 0.0, \"price\": 69.99, \"sale\":false, \"percentage\":\"\", \"priceCurrency\" : \"EUR\", \"url\" : \"https://shop.plantura.garden/products/ballhortensie-annabelle-weiss?variant=44373887385866\",\"isSet\":false}], \"handle\" : \"ballhortensie-annabelle-weiss\"}, { \"name\": \"Ballhortensie \\u0026#39;Strong Annabelle\\u0026#39;\u00ae Wei\u00df\", \"unitPrice\" : \"\", \"compareAtPriceString\": \"\", \"priceString\": \"69,99 \u20ac\", \"compareAtPrice\": 0.0, \"price\": 69.99, \"sale\":false, \"percentage\":\"\", \"badge\": \"angebot\", \"url\": \"https://shop.plantura.garden/products/ballhortensie-strong-annabelle-weiss\", \"available\": false, \"availabilityInfo\":\"\", \"campaignInfo\":\"pflanzen-draussen\",\"isSet\": false, \"priceLabel\": \"\", \"compareAtPriceLabel\": \"\",\"reviewsData\":{\"reviewCount\": 0, \"reviewAverageValue\": 0.0},\"image\": \"https://shop.plantura.garden/cdn/shop/files/ballhortensie-strong-annabelle-kaufen_1575x.png?v=1691763955\",\"tags\": \"beefriendly,flowering shrubs,hortensie,hydrangea,jeddeloh,live plants,outdoor,pflanzen,pot-discount,schneeballhortensie\",\"bulletPoints\": [\"Beeindruckend gro\u00dfe, strahlend wei\u00dfe Bl\u00fctenb\u00e4lle (bis zu 30 cm)\",\"Kr\u00e4ftige Stiele f\u00fcr hohe Standfestigkeit trotz Wind \\u0026 Regen\",\"Robust, winterhart \\u0026 sehr gesund \u2013 ideal f\u00fcr Beet oder Topf\\n\"],\"variants\" : [ {\"sku\": \"OP-HYAR-0276\",\"available\": false, \"compareAtPriceString\": \"\", \"priceString\": \"69,99 \u20ac\", \"compareAtPrice\": 0.0, \"price\": 69.99, \"sale\":false, \"percentage\":\"\", \"priceCurrency\" : \"EUR\", \"url\" : \"https://shop.plantura.garden/products/ballhortensie-strong-annabelle-weiss?variant=44373889122570\",\"isSet\":false}], \"handle\" : \"ballhortensie-strong-annabelle-weiss\"}, { \"name\": \"Bambus-Drachenbaum \u2018Gold Dust\u2019\", \"unitPrice\" : \"\", \"compareAtPriceString\": \"\", \"priceString\": \"31,99 \u20ac\", \"compareAtPrice\": 0.0, \"price\": 31.99, \"sale\":false, \"percentage\":\"\", \"badge\": \"angebot\", \"url\": \"https://shop.plantura.garden/products/bambus-drachenbaum-gold-dust-dracaena-surculosa\", \"available\": true, \"availabilityInfo\":\"\", \"campaignInfo\":\"zimmerpflanzen\",\"isSet\": false, \"priceLabel\": \"\", \"compareAtPriceLabel\": \"\",\"reviewsData\":{\"reviewCount\": 11, \"reviewAverageValue\": 4.0},\"image\": \"https://shop.plantura.garden/cdn/shop/products/plantura-bambus-drachenbaum-gold-dust-kaufen_1476x.png?v=1663155828\",\"tags\": \"eflora,gr\u00fcnpflanzen,indoor,live plants,luftreinigend,pflanzen,pflegeleicht,pot-discount\",\"bulletPoints\": [\"Drachenbaum in Bambus-Optik mit auff\u00e4llig gepunkteten Bl\u00e4ttern\",\"Pflegeleichte \\u0026 robuste Zimmerpflanze, die mit wenig Wasser gut auskommt\",\"F\u00fchlt sich an fast jedem Standort wohl \\u0026 reinigt die Luft\"],\"variants\" : [ {\"sku\": \"IP-DRSU-0012\",\"available\": true, \"compareAtPriceString\": \"\", \"priceString\": \"31,99 \u20ac\", \"compareAtPrice\": 0.0, \"price\": 31.99, \"sale\":false, \"percentage\":\"\", \"priceCurrency\" : \"EUR\", \"url\" : \"https://shop.plantura.garden/products/bambus-drachenbaum-gold-dust-dracaena-surculosa?variant=43725400310026\",\"isSet\":false}], \"handle\" : \"bambus-drachenbaum-gold-dust-dracaena-surculosa\"}, { \"name\": \"Bartblume \\u0026#39;First Choice\\u0026#39; Blau\", \"unitPrice\" : \"\", \"compareAtPriceString\": \"\", \"priceString\": \"26,99 \u20ac\", \"compareAtPrice\": 0.0, \"price\": 26.99, \"sale\":false, \"percentage\":\"\", \"badge\": \"angebot\", \"url\": \"https://shop.plantura.garden/products/bartblume-first-choice-blau\", \"available\": false, \"availabilityInfo\":\"\", \"campaignInfo\":\"pflanzen-draussen\",\"isSet\": false, \"priceLabel\": \"\", \"compareAtPriceLabel\": \"\",\"reviewsData\":{\"reviewCount\": 11, \"reviewAverageValue\": 4.9},\"image\": \"https://shop.plantura.garden/cdn/shop/files/plantura-bartblume-first-choice_1181x.png?v=1692796279\",\"tags\": \"beefriendly,caryopteris,caryopteris clandonensis,drought tolerant,flowering shrubs,jeddeloh,live plants,outdoor,pflanzen,pot-discount\",\"bulletPoints\": [\"Duftende blaue Bl\u00fcten mit au\u00dfergew\u00f6hnlich hohem Gehalt an Pollen \\u0026 Nektar\",\"Buschig-kompakte Form: Ideal f\u00fcr Topf \\u0026 Beet\",\"Liebt sehr sonnige Standorte mit durchl\u00e4ssigem Boden\"],\"variants\" : [ {\"sku\": \"OP-CACL-0029\",\"available\": false, \"compareAtPriceString\": \"\", \"priceString\": \"26,99 \u20ac\", \"compareAtPrice\": 0.0, \"price\": 26.99, \"sale\":false, \"percentage\":\"\", \"priceCurrency\" : \"EUR\", \"url\" : \"https://shop.plantura.garden/products/bartblume-first-choice-blau?variant=43655002685706\",\"isSet\":false}], \"handle\" : \"bartblume-first-choice-blau\"}, { \"name\": \"Baumstrelitzie\", \"unitPrice\" : \"\", \"compareAtPriceString\": \"\", \"priceString\": \"44,99 \u20ac\", \"compareAtPrice\": 0.0, \"price\": 44.99, \"sale\":false, \"percentage\":\"\", \"badge\": \"angebot\", \"url\": \"https://shop.plantura.garden/products/baumstrelitzie-strelitzia-nicolai\", \"available\": true, \"availabilityInfo\":\"\", \"campaignInfo\":\"zimmerpflanzen\",\"isSet\": false, \"priceLabel\": \"\", \"compareAtPriceLabel\": \"\",\"reviewsData\":{\"reviewCount\": 17, \"reviewAverageValue\": 4.8},\"image\": \"https://shop.plantura.garden/cdn/shop/products/plantura-baumstrelitzie-kaufen_1476x.png?v=1663156369\",\"tags\": \"eflora,gr\u00fcnpflanzen,indoor,live plants,luftreinigend,pflanzen,pflegeleicht,pot-discount,strelitzia,strelitzie,strelizia,strelizie\",\"bulletPoints\": [\"Luftreinigende Gr\u00fcnpflanze mit gro\u00dfen, exotischen Bl\u00e4ttern\",\"Pflegeleichte Zimmerpflanze \u2013 perfekt auch f\u00fcr Einsteiger\",\"F\u00fchlt sich in jedem Raum wohl, solange es sehr hell bis halbschattig ist\"],\"variants\" : [ {\"sku\": \"IP-STNI-0023\",\"available\": true, \"compareAtPriceString\": \"\", \"priceString\": \"44,99 \u20ac\", \"compareAtPrice\": 0.0, \"price\": 44.99, \"sale\":false, \"percentage\":\"\", \"priceCurrency\" : \"EUR\", \"url\" : \"https://shop.plantura.garden/products/baumstrelitzie-strelitzia-nicolai?variant=43725409550602\",\"isSet\":false}], \"handle\" : \"baumstrelitzie-strelitzia-nicolai\"}, { \"name\": \"Baumstrelitzie XXL-Gr\u00f6\u00dfe\", \"unitPrice\" : \"\", \"compareAtPriceString\": \"\", \"priceString\": \"89,99 \u20ac\", \"compareAtPrice\": 0.0, \"price\": 89.99, \"sale\":false, \"percentage\":\"\", \"badge\": \"new\", \"url\": \"https://shop.plantura.garden/products/baumstrelitzie-strelitzia-nicolai-xxl-groesse\", \"available\": true, \"availabilityInfo\":\"\", \"campaignInfo\":\"zimmerpflanzen\",\"isSet\": false, \"priceLabel\": \"\", \"compareAtPriceLabel\": \"\",\"reviewsData\":{\"reviewCount\": 17, \"reviewAverageValue\": 4.8},\"image\": \"https://shop.plantura.garden/cdn/shop/files/plantura-baumstrelitzie-xxl-groesse-kaufen_1476x.png?v=1693466290\",\"tags\": \"eflora,gro\u00dfe zimmerpflanze,gr\u00fcnpflanzen,indoor,live plants,luftreinigend,new,pflanzen,pflegeleicht,pot-discount,strelitzia,strelitzie,strelizia,strelizie,xxl zimmerpflanze\",\"bulletPoints\": [\"XXL-Baumstrelitzie mit gro\u00dfen, ovalen Bl\u00e4ttern\",\"Luftreinigend \\u0026 gen\u00fcgsam \u2013 ideal f\u00fcr Einsteiger, die etwas Besonderes suchen\",\"Liebt helle bis halbschattige R\u00e4ume\"],\"variants\" : [ {\"sku\": \"IP-STNI-0075\",\"available\": true, \"compareAtPriceString\": \"\", \"priceString\": \"89,99 \u20ac\", \"compareAtPrice\": 0.0, \"price\": 89.99, \"sale\":false, \"percentage\":\"\", \"priceCurrency\" : \"EUR\", \"url\" : \"https://shop.plantura.garden/products/baumstrelitzie-strelitzia-nicolai-xxl-groesse?variant=44678640009482\",\"isSet\":false}], \"handle\" : \"baumstrelitzie-strelitzia-nicolai-xxl-groesse\"}, { \"name\": \"Beetrose \\u0026#39;Aspirin\\u0026#39;\u00ae Wei\u00df\", \"unitPrice\" : \"\", \"compareAtPriceString\": \"\", \"priceString\": \"19,99 \u20ac\", \"compareAtPrice\": 0.0, \"price\": 19.99, \"sale\":false, \"percentage\":\"\", \"badge\": \"new\", \"url\": \"https://shop.plantura.garden/products/beetrose-aspirin-weiss\", \"available\": false, \"availabilityInfo\":\"\", \"campaignInfo\":\"pflanzen-draussen\",\"isSet\": false, \"priceLabel\": \"\", \"compareAtPriceLabel\": \"\",\"reviewsData\":{\"reviewCount\": 2, \"reviewAverageValue\": 5.0},\"image\": \"https://shop.plantura.garden/cdn/shop/files/beetrose-aspirin-kaufen_1476x.png?v=1692798926\",\"tags\": \"balcony,beetrose,bodendeckerrose,drought tolerant,flowering shrubs,live plants,outdoor,pflanzen,pot-discount,reiners,rose,zwergrose\",\"bulletPoints\": [\"Strahlend wei\u00dfe Einzelbl\u00fcten von Juni bis September\",\"Hervorragende Gesundheit \u2013 wenig anf\u00e4llig gegen\u00fcber Krankheiten\",\"Kompakter Blickfang f\u00fcr Beet \\u0026 Topf oder zur Fl\u00e4chenbepflanzung\"],\"variants\" : [ {\"sku\": \"OP-ROAS-0365\",\"available\": false, \"compareAtPriceString\": \"\", \"priceString\": \"19,99 \u20ac\", \"compareAtPrice\": 0.0, \"price\": 19.99, \"sale\":false, \"percentage\":\"\", \"priceCurrency\" : \"EUR\", \"url\" : \"https://shop.plantura.garden/products/beetrose-aspirin-weiss?variant=44479146492170\",\"isSet\":false}, {\"sku\": \"OP-ROAS-0391\",\"available\": false, \"compareAtPriceString\": \"39,98 \u20ac\", \"priceString\": \"37,99 \u20ac\", \"compareAtPrice\": 39.98, \"price\": 37.99, \"sale\":true, \"percentage\":\"5%\", \"priceCurrency\" : \"EUR\", \"url\" : \"https://shop.plantura.garden/products/beetrose-aspirin-weiss?variant=44479146524938\",\"isSet\":true }, {\"sku\": \"OP-ROAS-0392\",\"available\": false, \"compareAtPriceString\": \"79,96 \u20ac\", \"priceString\": \"71,99 \u20ac\", \"compareAtPrice\": 79.96, \"price\": 71.99, \"sale\":true, \"percentage\":\"10%\", \"priceCurrency\" : \"EUR\", \"url\" : \"https://shop.plantura.garden/products/beetrose-aspirin-weiss?variant=44479146557706\",\"isSet\":true }, {\"sku\": \"OP-ROAS-0393\",\"available\": false, \"compareAtPriceString\": \"159,92 \u20ac\", \"priceString\": \"135,99 \u20ac\", \"compareAtPrice\": 159.92, \"price\": 135.99, \"sale\":true, \"percentage\":\"15%\", \"priceCurrency\" : \"EUR\", \"url\" : \"https://shop.plantura.garden/products/beetrose-aspirin-weiss?variant=44479146590474\",\"isSet\":true }], \"handle\" : \"beetrose-aspirin-weiss\"}, { \"name\": \"Berberitze \\u0026#39;Admiration\\u0026#39;\u00ae\", \"unitPrice\" : \"\", \"compareAtPriceString\": \"\", \"priceString\": \"24,99 \u20ac\", \"compareAtPrice\": 0.0, \"price\": 24.99, \"sale\":false, \"percentage\":\"\", \"badge\": \"new\", \"url\": \"https://shop.plantura.garden/products/berberitze-admiration\", \"available\": true, \"availabilityInfo\":\"\", \"campaignInfo\":\"pflanzen-draussen\",\"isSet\": false, \"priceLabel\": \"\", \"compareAtPriceLabel\": \"\",\"reviewsData\":{\"reviewCount\": 2, \"reviewAverageValue\": 5.0},\"image\": \"https://shop.plantura.garden/cdn/shop/files/berberitze-admiration-kaufen_1181x.png?v=1692795959\",\"tags\": \"barberry,beefriendly,berberis,berberitze,birdfriendly,blutberberitze,deciduous shrubs,drought tolerant,foliage,heckenberberitze,jeddeloh,live plants,outdoor,pflanzen,pot-discount,thunberg berberitze\",\"bulletPoints\": [\"Sehr dekorative Laubf\u00e4rbung in Feuerrot mit gelber Umrandung\",\"Bienenfreundliche, gelb-rote Bl\u00fcten \\u0026 vogelfreundliche Beeren\",\"W\u00e4chst kompakt-kugelig \u2013 stadtklimafest \\u0026 pflegeleicht\"],\"variants\" : [ {\"sku\": \"OP-BETH-0257\",\"available\": true, \"compareAtPriceString\": \"\", \"priceString\": \"24,99 \u20ac\", \"compareAtPrice\": 0.0, \"price\": 24.99, \"sale\":false, \"percentage\":\"\", \"priceCurrency\" : \"EUR\", \"url\" : \"https://shop.plantura.garden/products/berberitze-admiration?variant=44373852750090\",\"isSet\":false}], \"handle\" : \"berberitze-admiration\"}, { \"name\": \"Berberitze \\u0026#39;Concorde\\u0026#39;\", \"unitPrice\" : \"\", \"compareAtPriceString\": \"\", \"priceString\": \"24,99 \u20ac\", \"compareAtPrice\": 0.0, \"price\": 24.99, \"sale\":false, \"percentage\":\"\", \"badge\": \"new\", \"url\": \"https://shop.plantura.garden/products/berberitze-concorde\", \"available\": true, \"availabilityInfo\":\"\", \"campaignInfo\":\"pflanzen-draussen\",\"isSet\": false, \"priceLabel\": \"\", \"compareAtPriceLabel\": \"\",\"reviewsData\":{\"reviewCount\": 1, \"reviewAverageValue\": 5.0},\"image\": \"https://shop.plantura.garden/cdn/shop/files/berberitze-concorde-kaufen_1280x.png?v=1692795995\",\"tags\": \"barberry,beefriendly,berberis,berberitze,birdfriendly,blutberberitze,deciduous shrubs,drought tolerant,foliage,heckenberberitze,jeddeloh,live plants,outdoor,pflanzen,pot-discount,thunberg berberitze\",\"bulletPoints\": [\"Kompakt-kugeliges Ziergeh\u00f6lz mit purpurrotem Laub\",\"Bienen- \\u0026 vogelfreundlich: Gelbe Bl\u00fcten \\u0026 rote Fr\u00fcchte\\n\",\"Robust: Frosthart, windresistent \\u0026 schnittvertr\u00e4glich\\n\"],\"variants\" : [ {\"sku\": \"OP-BETH-0259\",\"available\": true, \"compareAtPriceString\": \"\", \"priceString\": \"24,99 \u20ac\", \"compareAtPrice\": 0.0, \"price\": 24.99, \"sale\":false, \"percentage\":\"\", \"priceCurrency\" : \"EUR\", \"url\" : \"https://shop.plantura.garden/products/berberitze-concorde?variant=44373856289034\",\"isSet\":false}], \"handle\" : \"berberitze-concorde\"}, { \"name\": \"Berberitze \\u0026#39;Limoncello\\u0026#39;\u00ae\", \"unitPrice\" : \"\", \"compareAtPriceString\": \"\", \"priceString\": \"24,99 \u20ac\", \"compareAtPrice\": 0.0, \"price\": 24.99, \"sale\":false, \"percentage\":\"\", \"badge\": \"new\", \"url\": \"https://shop.plantura.garden/products/berberitze-limoncello\", \"available\": true, \"availabilityInfo\":\"\", \"campaignInfo\":\"pflanzen-draussen\",\"isSet\": false, \"priceLabel\": \"\", \"compareAtPriceLabel\": \"\",\"reviewsData\":{\"reviewCount\": 2, \"reviewAverageValue\": 4.5},\"image\": \"https://shop.plantura.garden/cdn/shop/files/berberitze-limoncello-kaufen_1280x.png?v=1692796034\",\"tags\": \"barberry,beefriendly,berberis,berberitze,birdfriendly,blutberberitze,deciduous shrubs,drought tolerant,foliage,heckenberberitze,jeddeloh,live plants,outdoor,pflanzen,pot-discount,thunberg berberitze\",\"bulletPoints\": [\"Fantastische Laubf\u00e4rbung von Hellgr\u00fcn mit roten Punkten zu Gelb bis Orangerot\",\"Kompakter Strauch mit attraktiver Herbstf\u00e4rbung\",\"Bienenfreundliche Bl\u00fcten \\u0026 vogelfreundliche Beeren\\n\"],\"variants\" : [ {\"sku\": \"OP-BETH-0261\",\"available\": true, \"compareAtPriceString\": \"\", \"priceString\": \"24,99 \u20ac\", \"compareAtPrice\": 0.0, \"price\": 24.99, \"sale\":false, \"percentage\":\"\", \"priceCurrency\" : \"EUR\", \"url\" : \"https://shop.plantura.garden/products/berberitze-limoncello?variant=44373858156810\",\"isSet\":false}], \"handle\" : \"berberitze-limoncello\"}, { \"name\": \"Berberitze \\u0026#39;Orange Ice\\u0026#39;\u00ae\", \"unitPrice\" : \"\", \"compareAtPriceString\": \"\", \"priceString\": \"24,99 \u20ac\", \"compareAtPrice\": 0.0, \"price\": 24.99, \"sale\":false, \"percentage\":\"\", \"badge\": \"new\", \"url\": \"https://shop.plantura.garden/products/berberitze-orange-ice\", \"available\": false, \"availabilityInfo\":\"\", \"campaignInfo\":\"pflanzen-draussen\",\"isSet\": false, \"priceLabel\": \"\", \"compareAtPriceLabel\": \"\",\"reviewsData\":{\"reviewCount\": 12, \"reviewAverageValue\": 4.8},\"image\": \"https://shop.plantura.garden/cdn/shop/files/berberitze-orange-ice-kaufen_1427x.png?v=1692796069\",\"tags\": \"barberry,beefriendly,berberis,berberitze,birdfriendly,blutberberitze,deciduous shrubs,drought tolerant,foliage,heckenberberitze,jeddeloh,live plants,outdoor,pflanzen,pot-discount,thunberg berberitze\",\"bulletPoints\": [\"Au\u00dfergew\u00f6hnliche Blattf\u00e4rbung von Hellgr\u00fcn bis Orange-Rot mit gelben R\u00e4ndern\",\"Bienenfreundliche, orange Bl\u00fcten \\u0026 rote Beeren\\n\",\"Robuster Kleinstrauch: Frosthart, windresistent \\u0026 schnittvertr\u00e4glich\"],\"variants\" : [ {\"sku\": \"OP-BETH-0263\",\"available\": false, \"compareAtPriceString\": \"\", \"priceString\": \"24,99 \u20ac\", \"compareAtPrice\": 0.0, \"price\": 24.99, \"sale\":false, \"percentage\":\"\", \"priceCurrency\" : \"EUR\", \"url\" : \"https://shop.plantura.garden/products/berberitze-orange-ice?variant=44373860057354\",\"isSet\":false}], \"handle\" : \"berberitze-orange-ice\"}, { \"name\": \"Berberitze \\u0026#39;Rose Glow\\u0026#39;\", \"unitPrice\" : \"\", \"compareAtPriceString\": \"\", \"priceString\": \"24,99 \u20ac\", \"compareAtPrice\": 0.0, \"price\": 24.99, \"sale\":false, \"percentage\":\"\", \"badge\": \"new\", \"url\": \"https://shop.plantura.garden/products/berberitze-rose-glow\", \"available\": true, \"availabilityInfo\":\"\", \"campaignInfo\":\"pflanzen-draussen\",\"isSet\": false, \"priceLabel\": \"\", \"compareAtPriceLabel\": \"\",\"reviewsData\":{\"reviewCount\": 2, \"reviewAverageValue\": 4.5},\"image\": \"https://shop.plantura.garden/cdn/shop/files/berberitze-rose-glow-kaufen_1378x.png?v=1692796081\",\"tags\": \"barberry,beefriendly,berberis,berberitze,birdfriendly,blutberberitze,deciduous shrubs,drought tolerant,foliage,heckenberberitze,jeddeloh,live plants,outdoor,pflanzen,pot-discount,thunberg berberitze\",\"bulletPoints\": [\"Beeindruckende Laubf\u00e4rbung in Blutrot bis Rot-Wei\u00df marmoriert\",\"Gelbe, bienenfreundliche Bl\u00fctenb\u00fcschel\\n\",\"Robust: Frosthart, windresistent \\u0026 schnittvertr\u00e4glich\\n\"],\"variants\" : [ {\"sku\": \"OP-BETH-0264\",\"available\": true, \"compareAtPriceString\": \"\", \"priceString\": \"24,99 \u20ac\", \"compareAtPrice\": 0.0, \"price\": 24.99, \"sale\":false, \"percentage\":\"\", \"priceCurrency\" : \"EUR\", \"url\" : \"https://shop.plantura.garden/products/berberitze-rose-glow?variant=44373860581642\",\"isSet\":false}], \"handle\" : \"berberitze-rose-glow\"}, { \"name\": \"Bienenfreundliche Str\u00e4ucher Lange Bl\u00fctezeit (4er Set)\", \"unitPrice\" : \"\", \"compareAtPriceString\": \"112,96 \u20ac\", \"priceString\": \"99,99 \u20ac\", \"compareAtPrice\": 112.96, \"price\": 99.99, \"sale\":false, \"percentage\":\"11%\", \"badge\": \"angebot\", \"url\": \"https://shop.plantura.garden/products/bienenfreundliche-straeucher-lange-bluetezeit-4er-set\", \"available\": true, \"availabilityInfo\":\"\", \"campaignInfo\":\"pflanzen-draussen\",\"isSet\": true, \"priceLabel\": \"Im Set\", \"compareAtPriceLabel\": \"Einzeln\",\"reviewsData\":{\"reviewCount\": 14, \"reviewAverageValue\": 4.6},\"image\": \"https://shop.plantura.garden/cdn/shop/files/set-bienenfreundliche-straeucher-lange-bluetezeit-kaufen_1476x.png?v=1691762451\",\"tags\": \"angebot,beefriendly,bienenfreundliche b\u00fcsche,bienenfreundliche geh\u00f6lze,bundle,chaenomeles,deciduous shrubs,flowering shrubs,insektenfreundliche b\u00fcsche,insektenfreundliche geh\u00f6lze,insektenfreundliche str\u00e4ucher,jeddeloh,live plants,outdoor,pflanzen,pot-discount,set,str\u00e4ucher bienenfreundlich,str\u00e4ucher f\u00fcr bienen,vitex,weigela,winter hazel\",\"bulletPoints\": [\"Insektenfreundlich mit extra langer Bl\u00fctezeit von M\u00e4rz bis Oktober\",\"4 reichbl\u00fchende Geh\u00f6lze in harmonierenden Farbt\u00f6nen\",\"Pflegeleicht \\u0026 anspruchslos \u2013 ideal auch f\u00fcr kleine G\u00e4rten\"],\"variants\" : [ {\"sku\": \"OB-COPA-0002\",\"available\": true, \"compareAtPriceString\": \"112,96 \u20ac\", \"priceString\": \"99,99 \u20ac\", \"compareAtPrice\": 112.96, \"price\": 99.99, \"sale\":true, \"percentage\":\"11%\", \"priceCurrency\" : \"EUR\", \"url\" : \"https://shop.plantura.garden/products/bienenfreundliche-straeucher-lange-bluetezeit-4er-set?variant=44327829176586\",\"isSet\":true }], \"handle\" : \"bienenfreundliche-straeucher-lange-bluetezeit-4er-set\"}, { \"name\": \"Bienenfreundliche Str\u00e4ucher Purpur Drama (4er Set)\", \"unitPrice\" : \"\", \"compareAtPriceString\": \"105,96 \u20ac\", \"priceString\": \"94,99 \u20ac\", \"compareAtPrice\": 105.96, \"price\": 94.99, \"sale\":true, \"percentage\":\"10%\", \"badge\": \"angebot\", \"url\": \"https://shop.plantura.garden/products/bienenfreundliche-straeucher-pupur-drama-4er-set\", \"available\": false, \"availabilityInfo\":\"\", \"campaignInfo\":\"pflanzen-draussen\",\"isSet\": true, \"priceLabel\": \"Im Set\", \"compareAtPriceLabel\": \"Einzeln\",\"reviewsData\":{\"reviewCount\": 1, \"reviewAverageValue\": 5.0},\"image\": \"https://shop.plantura.garden/cdn/shop/files/set-bienenfreundliche-straeucher-purpurdrama-kaufen_1181x.png?v=1691762403\",\"tags\": \"angebot,beefriendly,bienenfreundliche b\u00fcsche,bienenfreundliche geh\u00f6lze,blood plum,bundle,butterfly bush,deciduous shrubs,flowering shrubs,foliage,hibiscus,insektenfreundliche b\u00fcsche,insektenfreundliche geh\u00f6lze,insektenfreundliche str\u00e4ucher,jeddeloh,live plants,outdoor,pflanzen,physocarpus,pot-discount,set,str\u00e4ucher bienenfreundlich,str\u00e4ucher f\u00fcr bienen\",\"bulletPoints\": [\"Auff\u00e4llige Hingucker in intensiven Lila- \\u0026 Violettt\u00f6nen\",\"Kontrastreich mit au\u00dfergew\u00f6hnlichen Laub- \\u0026 Bl\u00fctenfarben\",\"Bienenfreundlich: Lange Bl\u00fcte von April bis September\"],\"variants\" : [ {\"sku\": \"OB-BUDA-0003\",\"available\": false, \"compareAtPriceString\": \"105,96 \u20ac\", \"priceString\": \"94,99 \u20ac\", \"compareAtPrice\": 105.96, \"price\": 94.99, \"sale\":true, \"percentage\":\"10%\", \"priceCurrency\" : \"EUR\", \"url\" : \"https://shop.plantura.garden/products/bienenfreundliche-straeucher-pupur-drama-4er-set?variant=44373840101642\",\"isSet\":true }], \"handle\" : \"bienenfreundliche-straeucher-pupur-drama-4er-set\"}, { \"name\": \"Bienenweide 150 g\", \"unitPrice\" : \"Grundpreis: 66,60 \u20ac/kg\", \"compareAtPriceString\": \"\", \"priceString\": \"9,99 \u20ac\", \"compareAtPrice\": 0.0, \"price\": 9.99, \"sale\":false, \"percentage\":\"\", \"badge\": \"angebot\", \"url\": \"https://shop.plantura.garden/products/bienenweide-150-g\", \"available\": true, \"availabilityInfo\":\"\", \"campaignInfo\":\"saatgut\",\"isSet\": false, \"priceLabel\": \"\", \"compareAtPriceLabel\": \"\",\"reviewsData\":{\"reviewCount\": 184, \"reviewAverageValue\": 4.8},\"image\": \"https://shop.plantura.garden/cdn/shop/files/bienenweide-plantura_1476x.png?v=1691137210\",\"tags\": \"aussaat,balkon,beefriendly seeds,bienenwiese,blumen,blumensamen,blumenwiese,category_saatgut,green-week-22,greenweek-geschenkideen,insekten,insektenhotel,insektenweide,lupinen,lupinensamen,mohn,n\u00fctzlinge,phacelia,ringelblume,saatgut,samen,sonnenblumen,sonnenhut,tagetes,wildblumen\",\"bulletPoints\": [\"Pflegeleichte Blumenmischung aus \u00fcber 20 ein- \\u0026 mehrj\u00e4hrigen Arten\",\"Bietet Bienen, Hummeln \\u0026 Co. ein reiches Nahrungsangebot\",\"Premium-Bienenweide mit Imkern entwickelt\"],\"variants\" : [ {\"sku\": \"E9-TEKZ-WFP9\",\"available\": true, \"compareAtPriceString\": \"\", \"priceString\": \"9,99 \u20ac\", \"compareAtPrice\": 0.0, \"price\": 9.99, \"sale\":false, \"percentage\":\"\", \"priceCurrency\" : \"EUR\", \"url\" : \"https://shop.plantura.garden/products/bienenweide-150-g?variant=33327303819352\",\"isSet\":false}, {\"sku\": \"45-PVQG-5ZK4\",\"available\": true, \"compareAtPriceString\": \"19,98 \u20ac\", \"priceString\": \"18,99 \u20ac\", \"compareAtPrice\": 19.98, \"price\": 18.99, \"sale\":true, \"percentage\":\"5%\", \"priceCurrency\" : \"EUR\", \"url\" : \"https://shop.plantura.garden/products/bienenweide-150-g?variant=33327303852120\",\"isSet\":true }, {\"sku\": \"1C-ZJ3O-VRDI\",\"available\": true, \"compareAtPriceString\": \"39,96 \u20ac\", \"priceString\": \"36,99 \u20ac\", \"compareAtPrice\": 39.96, \"price\": 36.99, \"sale\":true, \"percentage\":\"7%\", \"priceCurrency\" : \"EUR\", \"url\" : \"https://shop.plantura.garden/products/bienenweide-150-g?variant=33327303884888\",\"isSet\":true }, {\"sku\": \"Z3-K53N-KB3B\",\"available\": true, \"compareAtPriceString\": \"99,90 \u20ac\", \"priceString\": \"89,99 \u20ac\", \"compareAtPrice\": 99.9, \"price\": 89.99, \"sale\":true, \"percentage\":\"10%\", \"priceCurrency\" : \"EUR\", \"url\" : \"https://shop.plantura.garden/products/bienenweide-150-g?variant=33327303917656\",\"isSet\":true }], \"handle\" : \"bienenweide-150-g\"}, { \"name\": \"Bio-Apfelbaum \\u0026#39;Berlepsch\\u0026#39; Winterapfel\", \"unitPrice\" : \"\", \"compareAtPriceString\": \"\", \"priceString\": \"59,99 \u20ac\", \"compareAtPrice\": 0.0, \"price\": 59.99, \"sale\":false, \"percentage\":\"\", \"badge\": \"angebot\", \"url\": \"https://shop.plantura.garden/products/bio-apfelbaum-berlepsch\", \"available\": false, \"availabilityInfo\":\"Verf\u00fcgbar ab Fr\u00fchjahr 2024\", \"campaignInfo\":\"pflanzen-draussen\",\"isSet\": false, \"priceLabel\": \"\", \"compareAtPriceLabel\": \"\",\"reviewsData\":{\"reviewCount\": 6, \"reviewAverageValue\": 4.3},\"image\": \"https://shop.plantura.garden/cdn/shop/files/bio-apfelbaum-berlepsch_1476x.png?v=1691764618\", \"overlayImage\": \"https://shop.plantura.garden/cdn/shop/files/bio-siegel-overlay.png?v=1679900479\", \"overlayHidden\": false ,\"tags\": \"allergyfriendly,apfel,apfelbaum,appletree,beefriendly,bio obst,birdfriendly,freiherr von berlepsch,fruit,live plants,malus,obstbaum,organic,outdoor,pflanzen,pot-discount,reiners,roter berlepsch\",\"bulletPoints\": [\"Sehr bekannte Winterapfel-Sorte mit \u00e4u\u00dferst aromatischen Fr\u00fcchten ab Oktober\",\"Gelbe \u00c4pfel mit roter Wange \\u0026 saftig-hellem Fruchtfleisch\",\"Allergikerfreundliche Sorte mit guter Lagerf\u00e4higkeit\"],\"variants\" : [ {\"sku\": \"OP-MABE-0301\",\"available\": false, \"compareAtPriceString\": \"\", \"priceString\": \"59,99 \u20ac\", \"compareAtPrice\": 0.0, \"price\": 59.99, \"sale\":false, \"percentage\":\"\", \"priceCurrency\" : \"EUR\", \"url\" : \"https://shop.plantura.garden/products/bio-apfelbaum-berlepsch?variant=44453466505482\",\"isSet\":false}], \"handle\" : \"bio-apfelbaum-berlepsch\"}, { \"name\": \"Bio-Apfelbaum \\u0026#39;Boskoop\\u0026#39; Winterapfel\", \"unitPrice\" : \"\", \"compareAtPriceString\": \"\", \"priceString\": \"39,99 \u20ac\", \"compareAtPrice\": 0.0, \"price\": 39.99, \"sale\":false, \"percentage\":\"\", \"badge\": \"angebot\", \"url\": \"https://shop.plantura.garden/products/bio-apfelbaum-boskoop\", \"available\": false, \"availabilityInfo\":\"Verf\u00fcgbar ab Fr\u00fchjahr 2024\", \"campaignInfo\":\"pflanzen-draussen\",\"isSet\": false, \"priceLabel\": \"\", \"compareAtPriceLabel\": \"\",\"reviewsData\":{\"reviewCount\": 6, \"reviewAverageValue\": 4.3},\"image\": \"https://shop.plantura.garden/cdn/shop/files/bio-apfelbaum-boskoop_1673x.png?v=1691764635\", \"overlayImage\": \"https://shop.plantura.garden/cdn/shop/files/bio-siegel-overlay.png?v=1679900479\", \"overlayHidden\": false ,\"tags\": \"allergyfriendly,apfel,apfelbaum,appletree,beefriendly,bio obst,birdfriendly,boskop,fruit,live plants,malus,obstbaum,organic,outdoor,pflanzen,pot-discount,reiners,reinette belle de boskoop,reinette monstruese,sch\u00f6ner aus boskoop\",\"bulletPoints\": [\"Allergikerfreundlicher, erfrischend-s\u00e4uerlicher Winterapfel\",\"Gro\u00dfe, gelb-rote Fr\u00fcchte mit saftigem, festem Fruchtfleisch\",\"Wenig anf\u00e4llig f\u00fcr Obstbaumkrebs, Apfelschorf \\u0026 Verbr\u00e4unen\"],\"variants\" : [ {\"sku\": \"OP-MABO-0294\",\"available\": false, \"compareAtPriceString\": \"\", \"priceString\": \"39,99 \u20ac\", \"compareAtPrice\": 0.0, \"price\": 39.99, \"sale\":false, \"percentage\":\"\", \"priceCurrency\" : \"EUR\", \"url\" : \"https://shop.plantura.garden/products/bio-apfelbaum-boskoop?variant=44453466702090\",\"isSet\":false}], \"handle\" : \"bio-apfelbaum-boskoop\"}, { \"name\": \"Bio-Apfelbaum \\u0026#39;Cox Orange Renette\\u0026#39; Herbstapfel\", \"unitPrice\" : \"\", \"compareAtPriceString\": \"\", \"priceString\": \"39,99 \u20ac\", \"compareAtPrice\": 0.0, \"price\": 39.99, \"sale\":false, \"percentage\":\"\", \"badge\": \"angebot\", \"url\": \"https://shop.plantura.garden/products/bio-apfelbaum-cox-orange-renette\", \"available\": false, \"availabilityInfo\":\"Verf\u00fcgbar ab Fr\u00fchjahr 2024\", \"campaignInfo\":\"pflanzen-draussen\",\"isSet\": false, \"priceLabel\": \"\", \"compareAtPriceLabel\": \"\",\"reviewsData\":{\"reviewCount\": 6, \"reviewAverageValue\": 4.3},\"image\": \"https://shop.plantura.garden/cdn/shop/files/bio-apfelbaum-cox-orange-renette_1673x.png?v=1691764663\", \"overlayImage\": \"https://shop.plantura.garden/cdn/shop/files/bio-siegel-overlay.png?v=1679900479\", \"overlayHidden\": false ,\"tags\": \"apfel,apfelbaum,appletree,beefriendly,bio obst,birdfriendly,cox orange,fruit,live plants,malus,obstbaum,organic,outdoor,pflanzen,pot-discount,reiners\",\"bulletPoints\": [\"Saftiger Herbstapfel mit edlem, s\u00fc\u00dfem Aroma\",\"Mittelgro\u00dfe, gelbe Fr\u00fcchte mit sehr knackigem Fruchtfleisch\",\"Tafelapfel mit guter Lagerf\u00e4higkeit bis M\u00e4rz\"],\"variants\" : [ {\"sku\": \"OP-MACA-0297\",\"available\": false, \"compareAtPriceString\": \"\", \"priceString\": \"39,99 \u20ac\", \"compareAtPrice\": 0.0, \"price\": 39.99, \"sale\":false, \"percentage\":\"\", \"priceCurrency\" : \"EUR\", \"url\" : \"https://shop.plantura.garden/products/bio-apfelbaum-cox-orange-renette?variant=44453466833162\",\"isSet\":false}], \"handle\" : \"bio-apfelbaum-cox-orange-renette\"}, { \"name\": \"Bio-Apfelbaum \\u0026#39;Elstar\\u0026#39; Herbstapfel\", \"unitPrice\" : \"\", \"compareAtPriceString\": \"\", \"priceString\": \"39,99 \u20ac\", \"compareAtPrice\": 0.0, \"price\": 39.99, \"sale\":false, \"percentage\":\"\", \"badge\": \"angebot\", \"url\": \"https://shop.plantura.garden/products/bio-apfelbaum-elstar\", \"available\": false, \"availabilityInfo\":\"Verf\u00fcgbar ab Fr\u00fchjahr 2024\", \"campaignInfo\":\"pflanzen-draussen\",\"isSet\": false, \"priceLabel\": \"\", \"compareAtPriceLabel\": \"\",\"reviewsData\":{\"reviewCount\": 6, \"reviewAverageValue\": 4.3},\"image\": \"https://shop.plantura.garden/cdn/shop/files/bio-apfelbaum-elstar_1500x.png?v=1691764691\", \"overlayImage\": \"https://shop.plantura.garden/cdn/shop/files/bio-siegel-overlay.png?v=1679900479\", \"overlayHidden\": false ,\"tags\": \"apfel,apfelbaum,appletree,beefriendly,bio obst,birdfriendly,fruit,live plants,malus,obstbaum,organic,outdoor,pflanzen,pot-discount,reiners\",\"bulletPoints\": [\"Kr\u00e4ftig aromatischer Geschmack mit feiner S\u00e4ure\",\"Knackige \\u0026 saftige Fr\u00fcchte mittlerer Gr\u00f6\u00dfe \u2013 perfekt zum Weiterverarbeiten\",\"Sehr beliebte Sorte \\u0026 guter Pollenspender\"],\"variants\" : [ {\"sku\": \"OP-MAEL-0293\",\"available\": false, \"compareAtPriceString\": \"\", \"priceString\": \"39,99 \u20ac\", \"compareAtPrice\": 0.0, \"price\": 39.99, \"sale\":false, \"percentage\":\"\", \"priceCurrency\" : \"EUR\", \"url\" : \"https://shop.plantura.garden/products/bio-apfelbaum-elstar?variant=44453451628810\",\"isSet\":false}], \"handle\" : \"bio-apfelbaum-elstar\"}, { \"name\": \"Bio-Apfelbaum \\u0026#39;Gew\u00fcrzluiken\\u0026#39; Winterapfel\", \"unitPrice\" : \"\", \"compareAtPriceString\": \"\", \"priceString\": \"59,99 \u20ac\", \"compareAtPrice\": 0.0, \"price\": 59.99, \"sale\":false, \"percentage\":\"\", \"badge\": \"angebot\", \"url\": \"https://shop.plantura.garden/products/bio-apfelbaum-gewuerzluiken\", \"available\": false, \"availabilityInfo\":\"Verf\u00fcgbar ab Fr\u00fchjahr 2024\", \"campaignInfo\":\"pflanzen-draussen\",\"isSet\": false, \"priceLabel\": \"\", \"compareAtPriceLabel\": \"\",\"reviewsData\":{\"reviewCount\": 6, \"reviewAverageValue\": 4.3},\"image\": \"https://shop.plantura.garden/cdn/shop/files/bio-apfelbaum-gewuerzluiken_1476x.png?v=1691764711\", \"overlayImage\": \"https://shop.plantura.garden/cdn/shop/files/bio-siegel-overlay.png?v=1679900479\", \"overlayHidden\": false ,\"tags\": \"allergyfriendly,apfel,apfelbaum,appletree,beefriendly,bio obst,birdfriendly,fruit,gew\u00fcrzluikenapfel,live plants,malus,obstbaum,organic,outdoor,pflanzen,pot-discount,reiners\",\"bulletPoints\": [\"Allergikerfreundlicher, angenehm s\u00e4uerlicher Winterapfel\",\"Mittelgro\u00dfe bis gro\u00dfe Fr\u00fcchte mit saftigem Fruchtfleisch\",\"Sehr gut lagerf\u00e4hige \\u0026 vielseitige Apfelsorte mit langer Tradition\"],\"variants\" : [ {\"sku\": \"OP-MAGE-0302\",\"available\": false, \"compareAtPriceString\": \"\", \"priceString\": \"59,99 \u20ac\", \"compareAtPrice\": 0.0, \"price\": 59.99, \"sale\":false, \"percentage\":\"\", \"priceCurrency\" : \"EUR\", \"url\" : \"https://shop.plantura.garden/products/bio-apfelbaum-gewuerzluiken?variant=44453467717898\",\"isSet\":false}], \"handle\" : \"bio-apfelbaum-gewuerzluiken\"}, { \"name\": \"Bio-Apfelbaum \\u0026#39;Goldparm\u00e4ne\\u0026#39; Winterapfel\", \"unitPrice\" : \"\", \"compareAtPriceString\": \"\", \"priceString\": \"59,99 \u20ac\", \"compareAtPrice\": 0.0, \"price\": 59.99, \"sale\":false, \"percentage\":\"\", \"badge\": \"angebot\", \"url\": \"https://shop.plantura.garden/products/bio-apfelbaum-goldparmaene\", \"available\": false, \"availabilityInfo\":\"Verf\u00fcgbar ab Fr\u00fchjahr 2024\", \"campaignInfo\":\"pflanzen-draussen\",\"isSet\": false, \"priceLabel\": \"\", \"compareAtPriceLabel\": \"\",\"reviewsData\":{\"reviewCount\": 6, \"reviewAverageValue\": 4.3},\"image\": \"https://shop.plantura.garden/cdn/shop/files/bio-apfelbaum-goldparmaene_1476x.png?v=1691764724\", \"overlayImage\": \"https://shop.plantura.garden/cdn/shop/files/bio-siegel-overlay.png?v=1679900479\", \"overlayHidden\": false ,\"tags\": \"allergyfriendly,apfel,apfelbaum,appletree,beefriendly,bio obst,birdfriendly,fruit,goldrenette,live plants,malus,obstbaum,organic,outdoor,pflanzen,pot-discount,reine des reinettes,reiners\",\"bulletPoints\": [\"Allergikerfreundlicher, nussig-w\u00fcrziger Winterapfel\",\"Mittelgro\u00dfe Frucht mit feinem, sehr saftigem Fruchtfleisch\",\"Eine der \u00e4ltesten Apfelsorten \u2013 Ursprung im 16. Jahrhundert\"],\"variants\" : [ {\"sku\": \"OP-MAGO-0303\",\"available\": false, \"compareAtPriceString\": \"\", \"priceString\": \"59,99 \u20ac\", \"compareAtPrice\": 0.0, \"price\": 59.99, \"sale\":false, \"percentage\":\"\", \"priceCurrency\" : \"EUR\", \"url\" : \"https://shop.plantura.garden/products/bio-apfelbaum-goldparmaene?variant=44453467914506\",\"isSet\":false}], \"handle\" : \"bio-apfelbaum-goldparmaene\"}, { \"name\": \"Bio-Apfelbaum \\u0026#39;Gravensteiner\\u0026#39; Herbstapfel\", \"unitPrice\" : \"\", \"compareAtPriceString\": \"\", \"priceString\": \"39,99 \u20ac\", \"compareAtPrice\": 0.0, \"price\": 39.99, \"sale\":false, \"percentage\":\"\", \"badge\": \"angebot\", \"url\": \"https://shop.plantura.garden/products/bio-apfelbaum-gravensteiner\", \"available\": false, \"availabilityInfo\":\"Verf\u00fcgbar ab Fr\u00fchjahr 2024\", \"campaignInfo\":\"pflanzen-draussen\",\"isSet\": false, \"priceLabel\": \"\", \"compareAtPriceLabel\": \"\",\"reviewsData\":{\"reviewCount\": 6, \"reviewAverageValue\": 4.3},\"image\": \"https://shop.plantura.garden/cdn/shop/files/bio-apfelbaum-gravensteiner_1673x.png?v=1691764741\", \"overlayImage\": \"https://shop.plantura.garden/cdn/shop/files/bio-siegel-overlay.png?v=1679900479\", \"overlayHidden\": false ,\"tags\": \"allergyfriendly,apfel,apfelbaum,appletree,beefriendly,bio obst,birdfriendly,fruit,grafenapfel,grafensteiner,live plants,malus,obstbaum,organic,outdoor,pflanzen,pot-discount,reiners\",\"bulletPoints\": [\"Allergikerfreundlicher, saftig-w\u00fcrziger Herbstapfel\",\"Gro\u00dfe, gelb-rote Fr\u00fcchte mit mittelfestem Fruchtfleisch\",\"Heimische, alte Apfelsorte aus dem 17. Jahrhundert\"],\"variants\" : [ {\"sku\": \"OP-MAGR-0300\",\"available\": false, \"compareAtPriceString\": \"\", \"priceString\": \"39,99 \u20ac\", \"compareAtPrice\": 0.0, \"price\": 39.99, \"sale\":false, \"percentage\":\"\", \"priceCurrency\" : \"EUR\", \"url\" : \"https://shop.plantura.garden/products/bio-apfelbaum-gravensteiner?variant=44453468143882\",\"isSet\":false}], \"handle\" : \"bio-apfelbaum-gravensteiner\"}, { \"name\": \"Bio-Apfelbaum \\u0026#39;Holsteiner Cox\\u0026#39; Herbstapfel\", \"unitPrice\" : \"\", \"compareAtPriceString\": \"\", \"priceString\": \"39,99 \u20ac\", \"compareAtPrice\": 0.0, \"price\": 39.99, \"sale\":false, \"percentage\":\"\", \"badge\": \"angebot\", \"url\": \"https://shop.plantura.garden/products/bio-apfelbaum-holsteiner-cox\", \"available\": false, \"availabilityInfo\":\"Verf\u00fcgbar ab Fr\u00fchjahr 2024\", \"campaignInfo\":\"pflanzen-draussen\",\"isSet\": false, \"priceLabel\": \"\", \"compareAtPriceLabel\": \"\",\"reviewsData\":{\"reviewCount\": 6, \"reviewAverageValue\": 4.3},\"image\": \"https://shop.plantura.garden/cdn/shop/files/bio-apfelbaum-holsteiner-cox_1673x.png?v=1692889292\", \"overlayImage\": \"https://shop.plantura.garden/cdn/shop/files/bio-siegel-overlay.png?v=1679900479\", \"overlayHidden\": false ,\"tags\": \"allergyfriendly,apfel,apfelbaum,appletree,beefriendly,bio obst,birdfriendly,fruit,holsteiner gelber cox,live plants,malus,obstbaum,organic,outdoor,pflanzen,pot-discount,reiners,vahldieks cox,vahldieks s\u00e4mling\",\"bulletPoints\": [\"Allergikerfreundlicher, w\u00fcrziger Herbstapfel\",\"Mittelgro\u00dfe, gelbe Fr\u00fcchte mit saftigem Fruchtfleisch\",\"Historische Apfelsorte mit regelm\u00e4\u00dfigem, hohem Ertrag\"],\"variants\" : [ {\"sku\": \"OP-MAHO-0298\",\"available\": false, \"compareAtPriceString\": \"\", \"priceString\": \"39,99 \u20ac\", \"compareAtPrice\": 0.0, \"price\": 39.99, \"sale\":false, \"percentage\":\"\", \"priceCurrency\" : \"EUR\", \"url\" : \"https://shop.plantura.garden/products/bio-apfelbaum-holsteiner-cox?variant=44453468242186\",\"isSet\":false}, {\"sku\": \"OP-MAHO-0299\",\"available\": false, \"compareAtPriceString\": \"\", \"priceString\": \"59,99 \u20ac\", \"compareAtPrice\": 0.0, \"price\": 59.99, \"sale\":false, \"percentage\":\"\", \"priceCurrency\" : \"EUR\", \"url\" : \"https://shop.plantura.garden/products/bio-apfelbaum-holsteiner-cox?variant=44453468274954\",\"isSet\":false}], \"handle\" : \"bio-apfelbaum-holsteiner-cox\"}, { \"name\": \"Bio-Apfelbaum \\u0026#39;James Grieve\\u0026#39; Sommerapfel\", \"unitPrice\" : \"\", \"compareAtPriceString\": \"\", \"priceString\": \"39,99 \u20ac\", \"compareAtPrice\": 0.0, \"price\": 39.99, \"sale\":false, \"percentage\":\"\", \"badge\": \"angebot\", \"url\": \"https://shop.plantura.garden/products/bio-apfelbaum-james-grieve\", \"available\": false, \"availabilityInfo\":\"Verf\u00fcgbar ab Fr\u00fchjahr 2024\", \"campaignInfo\":\"pflanzen-draussen\",\"isSet\": false, \"priceLabel\": \"\", \"compareAtPriceLabel\": \"\",\"reviewsData\":{\"reviewCount\": 6, \"reviewAverageValue\": 4.3},\"image\": \"https://shop.plantura.garden/cdn/shop/files/bio-apfelbaum-james-grieve_1673x.png?v=1691764788\", \"overlayImage\": \"https://shop.plantura.garden/cdn/shop/files/bio-siegel-overlay.png?v=1679900479\", \"overlayHidden\": false ,\"tags\": \"apfel,apfelbaum,appletree,beefriendly,bio obst,birdfriendly,fruit,live plants,malus,obstbaum,organic,outdoor,pflanzen,pot-discount,reiners\",\"bulletPoints\": [\"Kr\u00e4ftig aromatischer \\u0026 zart s\u00e4uerlicher Sommerapfel\",\"Mittelgro\u00dfe Fr\u00fcchte mit knackigem, saftigem Fruchtfleisch\",\"Robuste \\u0026 widerstandsf\u00e4hige Sommerapfel-Sorte\"],\"variants\" : [ {\"sku\": \"OP-MAJA-0296\",\"available\": false, \"compareAtPriceString\": \"\", \"priceString\": \"39,99 \u20ac\", \"compareAtPrice\": 0.0, \"price\": 39.99, \"sale\":false, \"percentage\":\"\", \"priceCurrency\" : \"EUR\", \"url\" : \"https://shop.plantura.garden/products/bio-apfelbaum-james-grieve?variant=44453468406026\",\"isSet\":false}], \"handle\" : \"bio-apfelbaum-james-grieve\"}, { \"name\": \"Bio-Apfelbaum \\u0026#39;Jonagold\\u0026#39;\u00ae Winterapfel\", \"unitPrice\" : \"\", \"compareAtPriceString\": \"\", \"priceString\": \"39,99 \u20ac\", \"compareAtPrice\": 0.0, \"price\": 39.99, \"sale\":false, \"percentage\":\"\", \"badge\": \"angebot\", \"url\": \"https://shop.plantura.garden/products/bio-apfelbaum-jonagold\", \"available\": false, \"availabilityInfo\":\"Verf\u00fcgbar ab Fr\u00fchjahr 2024\", \"campaignInfo\":\"pflanzen-draussen\",\"isSet\": false, \"priceLabel\": \"\", \"compareAtPriceLabel\": \"\",\"reviewsData\":{\"reviewCount\": 6, \"reviewAverageValue\": 4.3},\"image\": \"https://shop.plantura.garden/cdn/shop/files/bio-apfelbaum-jonagold_1673x.png?v=1691764802\", \"overlayImage\": \"https://shop.plantura.garden/cdn/shop/files/bio-siegel-overlay.png?v=1679900479\", \"overlayHidden\": false ,\"tags\": \"apfel,apfelbaum,appletree,beefriendly,bio obst,birdfriendly,decosta,fruit,jonagored,komet,live plants,malus,obstbaum,organic,outdoor,pflanzen,pot-discount,reiners\",\"bulletPoints\": [\"Saftige \\u0026 s\u00fc\u00dfliche bis mild s\u00e4uerliche \u00c4pfel von November bis M\u00e4rz\",\"Gelbgr\u00fcne bis karminrote Farbe mit mittelfestem Fruchtfleisch\",\"Sehr beliebte \\u0026 frostharte Winterapfel-Sorte\"],\"variants\" : [ {\"sku\": \"OP-MAJO-0295\",\"available\": false, \"compareAtPriceString\": \"\", \"priceString\": \"39,99 \u20ac\", \"compareAtPrice\": 0.0, \"price\": 39.99, \"sale\":false, \"percentage\":\"\", \"priceCurrency\" : \"EUR\", \"url\" : \"https://shop.plantura.garden/products/bio-apfelbaum-jonagold?variant=44453468504330\",\"isSet\":false}], \"handle\" : \"bio-apfelbaum-jonagold\"}, { \"name\": \"Bio-Apfelbaum \\u0026#39;Kaiser Wilhelm\\u0026#39; Winterapfel\", \"unitPrice\" : \"\", \"compareAtPriceString\": \"\", \"priceString\": \"59,99 \u20ac\", \"compareAtPrice\": 0.0, \"price\": 59.99, \"sale\":false, \"percentage\":\"\", \"badge\": \"angebot\", \"url\": \"https://shop.plantura.garden/products/bio-apfelbaum-kaiser-wilhelm\", \"available\": false, \"availabilityInfo\":\"Verf\u00fcgbar ab Fr\u00fchjahr 2024\", \"campaignInfo\":\"pflanzen-draussen\",\"isSet\": false, \"priceLabel\": \"\", \"compareAtPriceLabel\": \"\",\"reviewsData\":{\"reviewCount\": 6, \"reviewAverageValue\": 4.3},\"image\": \"https://shop.plantura.garden/cdn/shop/files/bio-apfelbaum-kaiser-wilhelm_1476x.png?v=1691764823\", \"overlayImage\": \"https://shop.plantura.garden/cdn/shop/files/bio-siegel-overlay.png?v=1679900479\", \"overlayHidden\": false ,\"tags\": \"allergyfriendly,apfel,apfelbaum,appletree,beefriendly,bio obst,birdfriendly,fruit,live plants,malus,obstbaum,organic,outdoor,pflanzen,pot-discount,reiners,wilhelmsapfel\",\"bulletPoints\": [\"Allergikerfreundlicher, s\u00fc\u00df-s\u00e4uerlicher Winterapfel\",\"Mittelgro\u00dfe bis gro\u00dfe Fr\u00fcchte mit knackigem, saftigem Fruchtfleisch\",\"Beliebte alte Apfelsorte mit unverkennbarem Aroma\"],\"variants\" : [ {\"sku\": \"OP-MAKA-0304\",\"available\": false, \"compareAtPriceString\": \"\", \"priceString\": \"59,99 \u20ac\", \"compareAtPrice\": 0.0, \"price\": 59.99, \"sale\":false, \"percentage\":\"\", \"priceCurrency\" : \"EUR\", \"url\" : \"https://shop.plantura.garden/products/bio-apfelbaum-kaiser-wilhelm?variant=44453468832010\",\"isSet\":false}], \"handle\" : \"bio-apfelbaum-kaiser-wilhelm\"}, { \"name\": \"Bio-Apfelbaum \\u0026#39;Ontario\\u0026#39; Winterapfel\", \"unitPrice\" : \"\", \"compareAtPriceString\": \"\", \"priceString\": \"59,99 \u20ac\", \"compareAtPrice\": 0.0, \"price\": 59.99, \"sale\":false, \"percentage\":\"\", \"badge\": \"angebot\", \"url\": \"https://shop.plantura.garden/products/bio-apfelbaum-ontario\", \"available\": false, \"availabilityInfo\":\"Verf\u00fcgbar ab Fr\u00fchjahr 2024\", \"campaignInfo\":\"pflanzen-draussen\",\"isSet\": false, \"priceLabel\": \"\", \"compareAtPriceLabel\": \"\",\"reviewsData\":{\"reviewCount\": 6, \"reviewAverageValue\": 4.3},\"image\": \"https://shop.plantura.garden/cdn/shop/files/bio-apfelbaum-ontario_1476x.png?v=1691764871\", \"overlayImage\": \"https://shop.plantura.garden/cdn/shop/files/bio-siegel-overlay.png?v=1679900479\", \"overlayHidden\": false ,\"tags\": \"allergyfriendly,apfel,apfelbaum,appletree,beefriendly,bio obst,birdfriendly,fruit,live plants,malus,obstbaum,ontarioapfel,organic,outdoor,pflanzen,pot-discount,reiners\",\"bulletPoints\": [\"Allergikerfreundlicher, spritzig-s\u00e4uerlicher Winterapfel\",\"Gro\u00dfe bis sehr gro\u00dfe Frucht mit weichem, saftigem Fruchtfleisch\",\"Sp\u00e4te Erntezeit \\u0026 lange Lagerf\u00e4higkeit bis in den Mai\"],\"variants\" : [ {\"sku\": \"OP-MAON-0305\",\"available\": false, \"compareAtPriceString\": \"\", \"priceString\": \"59,99 \u20ac\", \"compareAtPrice\": 0.0, \"price\": 59.99, \"sale\":false, \"percentage\":\"\", \"priceCurrency\" : \"EUR\", \"url\" : \"https://shop.plantura.garden/products/bio-apfelbaum-ontario?variant=44453469683978\",\"isSet\":false}], \"handle\" : \"bio-apfelbaum-ontario\"}, { \"name\": \"Bio-Apfelbaum \\u0026#39;Pirella\\u0026#39; Herbstapfel\", \"unitPrice\" : \"\", \"compareAtPriceString\": \"\", \"priceString\": \"59,99 \u20ac\", \"compareAtPrice\": 0.0, \"price\": 59.99, \"sale\":false, \"percentage\":\"\", \"badge\": \"angebot\", \"url\": \"https://shop.plantura.garden/products/bio-apfelbaum-pirella\", \"available\": false, \"availabilityInfo\":\"Verf\u00fcgbar ab Fr\u00fchjahr 2024\", \"campaignInfo\":\"pflanzen-draussen\",\"isSet\": false, \"priceLabel\": \"\", \"compareAtPriceLabel\": \"\",\"reviewsData\":{\"reviewCount\": 6, \"reviewAverageValue\": 4.3},\"image\": \"https://shop.plantura.garden/cdn/shop/files/bio-apfelbaum-pirella_1476x.png?v=1692798100\", \"overlayImage\": \"https://shop.plantura.garden/cdn/shop/files/bio-siegel-overlay.png?v=1679900479\", \"overlayHidden\": false ,\"tags\": \"apfel,apfelbaum,appletree,beefriendly,bio obst,birdfriendly,fruit,live plants,malus,obstbaum,organic,outdoor,pflanzen,pirol,pirolapfel,pot-discount,reiners\",\"bulletPoints\": [\"Kr\u00e4ftig erfrischender \\u0026 s\u00fc\u00df-s\u00e4uerlicher Herbstapfel\",\"Gro\u00dfe Fr\u00fcchte mit festem \\u0026 sehr saftigem Fruchtfleisch\",\"Robust \\u0026 widerstandsf\u00e4hig gegen\u00fcber Mehltau\"],\"variants\" : [ {\"sku\": \"OP-MAPI-0310\",\"available\": false, \"compareAtPriceString\": \"\", \"priceString\": \"59,99 \u20ac\", \"compareAtPrice\": 0.0, \"price\": 59.99, \"sale\":false, \"percentage\":\"\", \"priceCurrency\" : \"EUR\", \"url\" : \"https://shop.plantura.garden/products/bio-apfelbaum-pirella?variant=44453469749514\",\"isSet\":false}], \"handle\" : \"bio-apfelbaum-pirella\"}, { \"name\": \"Bio-Apfelbaum \\u0026#39;Prinz Albrecht von Preu\u00dfen\\u0026#39; Herbstapfel\", \"unitPrice\" : \"\", \"compareAtPriceString\": \"\", \"priceString\": \"59,99 \u20ac\", \"compareAtPrice\": 0.0, \"price\": 59.99, \"sale\":false, \"percentage\":\"\", \"badge\": \"angebot\", \"url\": \"https://shop.plantura.garden/products/bio-apfelbaum-prinz-albrecht-von-preussen\", \"available\": false, \"availabilityInfo\":\"Verf\u00fcgbar ab Fr\u00fchjahr 2024\", \"campaignInfo\":\"pflanzen-draussen\",\"isSet\": false, \"priceLabel\": \"\", \"compareAtPriceLabel\": \"\",\"reviewsData\":{\"reviewCount\": 6, \"reviewAverageValue\": 4.3},\"image\": \"https://shop.plantura.garden/cdn/shop/files/bio-apfelbaum-prinz-albrecht-von-preussen_1476x.png?v=1692798113\", \"overlayImage\": \"https://shop.plantura.garden/cdn/shop/files/bio-siegel-overlay.png?v=1679900479\", \"overlayHidden\": false ,\"tags\": \"albrechtapfel,albrechtsapfel,allergyfriendly,apfel,apfelbaum,appletree,beefriendly,bio obst,birdfriendly,fruit,live plants,malus,obstbaum,organic,outdoor,pflanzen,pot-discount,reiners\",\"bulletPoints\": [\"Allergikerfreundlicher, s\u00fc\u00df-s\u00e4uerlicher Herbstapfel\",\"Mittelgro\u00dfe bis gro\u00dfe Fr\u00fcchte mit lockerem, saftigem Fruchtfleisch\",\"Robuste \\u0026 alte Apfelsorte aus dem 19. Jahrhundert\"],\"variants\" : [ {\"sku\": \"OP-MAPR-0306\",\"available\": false, \"compareAtPriceString\": \"\", \"priceString\": \"59,99 \u20ac\", \"compareAtPrice\": 0.0, \"price\": 59.99, \"sale\":false, \"percentage\":\"\", \"priceCurrency\" : \"EUR\", \"url\" : \"https://shop.plantura.garden/products/bio-apfelbaum-prinz-albrecht-von-preussen?variant=44453469913354\",\"isSet\":false}], \"handle\" : \"bio-apfelbaum-prinz-albrecht-von-preussen\"}, { \"name\": \"Bio-Apfelbaum \\u0026#39;Rebella\\u0026#39;\u00ae Herbstapfel\", \"unitPrice\" : \"\", \"compareAtPriceString\": \"\", \"priceString\": \"59,99 \u20ac\", \"compareAtPrice\": 0.0, \"price\": 59.99, \"sale\":false, \"percentage\":\"\", \"badge\": \"angebot\", \"url\": \"https://shop.plantura.garden/products/bio-apfelbaum-rebella\", \"available\": false, \"availabilityInfo\":\"Verf\u00fcgbar ab Fr\u00fchjahr 2024\", \"campaignInfo\":\"pflanzen-draussen\",\"isSet\": false, \"priceLabel\": \"\", \"compareAtPriceLabel\": \"\",\"reviewsData\":{\"reviewCount\": 6, \"reviewAverageValue\": 4.3},\"image\": \"https://shop.plantura.garden/cdn/shop/files/bio-apfelbaum-rebella_1476x.png?v=1691764912\", \"overlayImage\": \"https://shop.plantura.garden/cdn/shop/files/bio-siegel-overlay.png?v=1679900479\", \"overlayHidden\": false ,\"tags\": \"apfel,apfelbaum,appletree,beefriendly,bio obst,birdfriendly,fruit,live plants,malus,obstbaum,organic,outdoor,pflanzen,pot-discount,reiners\",\"bulletPoints\": [\"S\u00fc\u00df-s\u00e4uerlicher Herbstapfel mit leichter Birnennote\",\"Mittelgro\u00dfe Fr\u00fcchte mit sehr saftigem Fruchtfleisch\",\"Schorfresistent, mehltaufest \\u0026 \u00e4u\u00dferst robust\"],\"variants\" : [ {\"sku\": \"OP-MARE-0309\",\"available\": false, \"compareAtPriceString\": \"\", \"priceString\": \"59,99 \u20ac\", \"compareAtPrice\": 0.0, \"price\": 59.99, \"sale\":false, \"percentage\":\"\", \"priceCurrency\" : \"EUR\", \"url\" : \"https://shop.plantura.garden/products/bio-apfelbaum-rebella?variant=44453470011658\",\"isSet\":false}], \"handle\" : \"bio-apfelbaum-rebella\"}, { \"name\": \"Bio-Apfelbaum \\u0026#39;Wei\u00dfer Winterglockenapfel\\u0026#39; Winterapfel\", \"unitPrice\" : \"\", \"compareAtPriceString\": \"\", \"priceString\": \"59,99 \u20ac\", \"compareAtPrice\": 0.0, \"price\": 59.99, \"sale\":false, \"percentage\":\"\", \"badge\": \"angebot\", \"url\": \"https://shop.plantura.garden/products/bio-apfelbaum-weisser-winterglockenapfel\", \"available\": false, \"availabilityInfo\":\"Verf\u00fcgbar ab Fr\u00fchjahr 2024\", \"campaignInfo\":\"pflanzen-draussen\",\"isSet\": false, \"priceLabel\": \"\", \"compareAtPriceLabel\": \"\",\"reviewsData\":{\"reviewCount\": 6, \"reviewAverageValue\": 4.3},\"image\": \"https://shop.plantura.garden/cdn/shop/files/bio-apfelbaum-weisser-winterglockenapfel_1476x.png?v=1691764946\", \"overlayImage\": \"https://shop.plantura.garden/cdn/shop/files/bio-siegel-overlay.png?v=1679900479\", \"overlayHidden\": false ,\"tags\": \"allergyfriendly,altl\u00e4nder glockenapfel,apfel,apfelbaum,appletree,beefriendly,bio obst,birdfriendly,echter glocken,fruit,glockenapfel,live plants,malus,obstbaum,organic,outdoor,pflanzen,pot-discount,reiners,schweizer glockenapfel,wei\u00dfer glockenapfel,wei\u00dfer winterglockenapfel\",\"bulletPoints\": [\"Allergikerfreundlicher, s\u00fc\u00df-s\u00e4uerlicher Winterapfel\",\"Mittelgro\u00dfe bis gro\u00dfe Frucht mit festem Fruchtfleisch\",\"Historische Apfelsorte mit glockenf\u00f6rmigen Fr\u00fcchten\"],\"variants\" : [ {\"sku\": \"OP-MAWI-0307\",\"available\": false, \"compareAtPriceString\": \"\", \"priceString\": \"59,99 \u20ac\", \"compareAtPrice\": 0.0, \"price\": 59.99, \"sale\":false, \"percentage\":\"\", \"priceCurrency\" : \"EUR\", \"url\" : \"https://shop.plantura.garden/products/bio-apfelbaum-weisser-winterglockenapfel?variant=44453470175498\",\"isSet\":false}], \"handle\" : \"bio-apfelbaum-weisser-winterglockenapfel\"}, { \"name\": \"Bio-Apfelbaum \\u0026#39;Wellant\\u0026#39;\u00ae Winterapfel\", \"unitPrice\" : \"\", \"compareAtPriceString\": \"\", \"priceString\": \"59,99 \u20ac\", \"compareAtPrice\": 0.0, \"price\": 59.99, \"sale\":false, \"percentage\":\"\", \"badge\": \"angebot\", \"url\": \"https://shop.plantura.garden/products/bio-apfelbaum-wellant\", \"available\": false, \"availabilityInfo\":\"Verf\u00fcgbar ab Fr\u00fchjahr 2024\", \"campaignInfo\":\"pflanzen-draussen\",\"isSet\": false, \"priceLabel\": \"\", \"compareAtPriceLabel\": \"\",\"reviewsData\":{\"reviewCount\": 6, \"reviewAverageValue\": 4.3},\"image\": \"https://shop.plantura.garden/cdn/shop/files/bio-apfelbaum-wellant_1476x.png?v=1692798130\", \"overlayImage\": \"https://shop.plantura.garden/cdn/shop/files/bio-siegel-overlay.png?v=1679900479\", \"overlayHidden\": false ,\"tags\": \"allergyfriendly,apfel,apfelbaum,appletree,beefriendly,bio obst,birdfriendly,fresco,frescoapfel,fruit,live plants,malus,obstbaum,organic,outdoor,pflanzen,pot-discount,reiners,wellants\",\"bulletPoints\": [\"Allergikerfreundlicher Winterapfel mit intensivem \\u0026 ausgewogenem Geschmack\",\"Mittelgro\u00dfe Fr\u00fcchte mit saftigem Fruchtfleisch\",\"Gute Lagerf\u00e4higkeit: Bis M\u00e4rz genie\u00dfbar\"],\"variants\" : [ {\"sku\": \"OP-MAWE-0308\",\"available\": false, \"compareAtPriceString\": \"\", \"priceString\": \"59,99 \u20ac\", \"compareAtPrice\": 0.0, \"price\": 59.99, \"sale\":false, \"percentage\":\"\", \"priceCurrency\" : \"EUR\", \"url\" : \"https://shop.plantura.garden/products/bio-apfelbaum-wellant?variant=44453470077194\",\"isSet\":false}], \"handle\" : \"bio-apfelbaum-wellant\"}, { \"name\": \"Bio-Apfelbaum \u2018Alkmene\u2019 Herbstapfel\", \"unitPrice\" : \"\", \"compareAtPriceString\": \"\", \"priceString\": \"39,99 \u20ac\", \"compareAtPrice\": 0.0, \"price\": 39.99, \"sale\":false, \"percentage\":\"\", \"badge\": \"angebot\", \"url\": \"https://shop.plantura.garden/products/bio-apfelbaum-alkmene\", \"available\": false, \"availabilityInfo\":\"Verf\u00fcgbar ab Fr\u00fchjahr 2024\", \"campaignInfo\":\"pflanzen-draussen\",\"isSet\": false, \"priceLabel\": \"\", \"compareAtPriceLabel\": \"\",\"reviewsData\":{\"reviewCount\": 6, \"reviewAverageValue\": 4.3},\"image\": \"https://shop.plantura.garden/cdn/shop/files/bio-apfelbaum-alkmene_1673x.png?v=1692797290\", \"overlayImage\": \"https://shop.plantura.garden/cdn/shop/files/bio-siegel-overlay.png?v=1679900479\", \"overlayHidden\": false ,\"tags\": \"allergyfriendly,apfel,apfelbaum,appletree,beefriendly,bio obst,birdfriendly,fruit,live plants,malus,obstbaum,organic,outdoor,pflanzen,pot-discount,reiners\",\"bulletPoints\": [\"Allergikerfreundlicher, s\u00fc\u00df-s\u00e4uerlicher Herbstapfel\",\"Kleine bis mittelgro\u00dfe Fr\u00fcchte mit mittelfestem Fruchtfleisch\",\"Widerstandsf\u00e4hig gegen\u00fcber Schorf \\u0026 Mehltau\"],\"variants\" : [ {\"sku\": \"OP-MAAL-0291\",\"available\": false, \"compareAtPriceString\": \"\", \"priceString\": \"39,99 \u20ac\", \"compareAtPrice\": 0.0, \"price\": 39.99, \"sale\":false, \"percentage\":\"\", \"priceCurrency\" : \"EUR\", \"url\" : \"https://shop.plantura.garden/products/bio-apfelbaum-alkmene?variant=44453466341642\",\"isSet\":false}, {\"sku\": \"OP-MAAL-0292\",\"available\": false, \"compareAtPriceString\": \"\", \"priceString\": \"59,99 \u20ac\", \"compareAtPrice\": 0.0, \"price\": 59.99, \"sale\":false, \"percentage\":\"\", \"priceCurrency\" : \"EUR\", \"url\" : \"https://shop.plantura.garden/products/bio-apfelbaum-alkmene?variant=44453466374410\",\"isSet\":false}], \"handle\" : \"bio-apfelbaum-alkmene\"}, { \"name\": \"Bio-Aprikosenbaum \\u0026#39;Mino\\u0026#39;\", \"unitPrice\" : \"\", \"compareAtPriceString\": \"\", \"priceString\": \"59,99 \u20ac\", \"compareAtPrice\": 0.0, \"price\": 59.99, \"sale\":false, \"percentage\":\"\", \"badge\": \"angebot\", \"url\": \"https://shop.plantura.garden/products/bio-aprikosenbaum-mino\", \"available\": false, \"availabilityInfo\":\"Verf\u00fcgbar ab Fr\u00fchjahr 2024\", \"campaignInfo\":\"pflanzen-draussen\",\"isSet\": false, \"priceLabel\": \"\", \"compareAtPriceLabel\": \"\",\"reviewsData\":{\"reviewCount\": 1, \"reviewAverageValue\": 5.0},\"image\": \"https://shop.plantura.garden/cdn/shop/files/bio-aprikosenbaum-mino_5dd11e40-d231-48ef-a621-558b2f41e27e_1772x.png?v=1691765444\", \"overlayImage\": \"https://shop.plantura.garden/cdn/shop/files/bio-siegel-overlay.png?v=1679900479\", \"overlayHidden\": false ,\"tags\": \"apricose,aprikose,aprikosenbaum,beefriendly,bio obst,birdfriendly,fruit,live plants,malete,marille,obstbaum,organic,outdoor,pflanzen,pot-discount,prunus armeniaca,reiners\",\"bulletPoints\": [\"Selbstfruchtende Aprikosen-Sorte mit \u00fcppiger Ernte ab Juli\",\"Saftige, orange-gelbe Fr\u00fcchte mit s\u00fc\u00dfem, mild-s\u00e4uerlichem Geschmack\",\"Dank sp\u00e4ter Bl\u00fcte sehr gut winterhart \\u0026 wenig anf\u00e4llig f\u00fcr Obstbaumkrankheiten\"],\"variants\" : [ {\"sku\": \"OP-PRAR-0337\",\"available\": false, \"compareAtPriceString\": \"\", \"priceString\": \"59,99 \u20ac\", \"compareAtPrice\": 0.0, \"price\": 59.99, \"sale\":false, \"percentage\":\"\", \"priceCurrency\" : \"EUR\", \"url\" : \"https://shop.plantura.garden/products/bio-aprikosenbaum-mino?variant=44453501337866\",\"isSet\":false}], \"handle\" : \"bio-aprikosenbaum-mino\"}, { \"name\": \"Bio-Balkongem\u00fcse Samen-Set mit 8 Sorten\", \"unitPrice\" : \"\", \"compareAtPriceString\": \"\", \"priceString\": \"9,99 \u20ac\", \"compareAtPrice\": 0.0, \"price\": 9.99, \"sale\":false, \"percentage\":\"\", \"badge\": \"angebot\", \"url\": \"https://shop.plantura.garden/products/bio-balkongemuese-samen-set\", \"available\": true, \"availabilityInfo\":\"\", \"campaignInfo\":\"saatgut\",\"isSet\": false, \"priceLabel\": \"\", \"compareAtPriceLabel\": \"\",\"reviewsData\":{\"reviewCount\": 31, \"reviewAverageValue\": 4.8},\"image\": \"https://shop.plantura.garden/cdn/shop/files/plantura-bio-balkongemuese-samen-set_1476x.png?v=1691138252\", \"overlayImage\": \"https://shop.plantura.garden/cdn/shop/files/bio-siegel-overlay.png?v=1679900479\", \"overlayHidden\": false ,\"tags\": \"aubergine,aussaat,category_saatgut,chili,chilli,cucumelon,gardeners delight,Gem\u00fcse,gem\u00fcsesamen,geschenk,green-week-22,greenweek-geschenkideen,grow vegetables,jalapeno,karotte,kinder,little gem,mexikanische minigurke,mini gurke,mini-aubergine,m\u00f6hre,pariser markt,radieschen,romanasalat,saat,salat,samen,saxa,seed sets,tomate,tondo chiaro di nizza,zucchini\",\"bulletPoints\": [\"8 kleine Sorten zum Snacken im Set - inklusive kostenlosem Online-Kurs zur Anzucht\",\"Samenfestes \\u0026 keimstarkes Bio-Saatgut f\u00fcr eine reiche Ernte auf kleinem Raum\",\"Nachhaltige Geschenkidee mit liebevoll illustrierter Verpackung\"],\"variants\" : [ {\"sku\": \"SS-BGSS-08ST\",\"available\": true, \"compareAtPriceString\": \"\", \"priceString\": \"9,99 \u20ac\", \"compareAtPrice\": 0.0, \"price\": 9.99, \"sale\":false, \"percentage\":\"\", \"priceCurrency\" : \"EUR\", \"url\" : \"https://shop.plantura.garden/products/bio-balkongemuese-samen-set?variant=39909724192856\",\"isSet\":false}], \"handle\" : \"bio-balkongemuese-samen-set\"}, { \"name\": \"Bio-Beeren- \\u0026amp; Obstbaumd\u00fcnger 800 ml\", \"unitPrice\" : \"Grundpreis: 16,24 \u20ac/l\", \"compareAtPriceString\": \"\", \"priceString\": \"12,99 \u20ac\", \"compareAtPrice\": 0.0, \"price\": 12.99, \"sale\":false, \"percentage\":\"\", \"badge\": \"new\", \"url\": \"https://shop.plantura.garden/products/bio-beeren-und-obstbaumduenger-800-ml\", \"available\": true, \"availabilityInfo\":\"\", \"campaignInfo\":\"duenger\",\"isSet\": false, \"priceLabel\": \"\", \"compareAtPriceLabel\": \"\",\"reviewsData\":{\"reviewCount\": 12, \"reviewAverageValue\": 5.0},\"image\": \"https://shop.plantura.garden/cdn/shop/products/obstbaumduenger-bio-plantura_1476x.png?v=1679390907\",\"tags\": \"beerend\u00fcnger,d\u00fcnger apfelbaum,d\u00fcnger erdbeeren,d\u00fcnger f\u00fcr obstb\u00e4ume,d\u00fcnger obstbaum,fertilizer,fl\u00fcssigd\u00fcnger,fl\u00fcssigd\u00fcnger beeren,fl\u00fcssigd\u00fcnger obst,grow fruit,kirschbaum d\u00fcnger,liquid fertilizer,mother-gift,muttertag,new,obstbaumd\u00fcnger,obstd\u00fcnger,organischer d\u00fcnger,pflanzend\u00fcnger\",\"bulletPoints\": [\"Organischer Fl\u00fcssigd\u00fcnger f\u00fcr Beerenstr\u00e4ucher \\u0026 Obstb\u00e4ume\",\"F\u00fcr eine reiche Ernte mit leckeren Fr\u00fcchten \\u0026 gesunde Pflanzen\",\"Einfache Anwendung \u00fcber das Gie\u00dfwasser \u2013 unbedenklich f\u00fcr Haustiere\"],\"variants\" : [ {\"sku\": \"BD-8S5N-800M\",\"available\": true, \"compareAtPriceString\": \"\", \"priceString\": \"12,99 \u20ac\", \"compareAtPrice\": 0.0, \"price\": 12.99, \"sale\":false, \"percentage\":\"\", \"priceCurrency\" : \"EUR\", \"url\" : \"https://shop.plantura.garden/products/bio-beeren-und-obstbaumduenger-800-ml?variant=44454301073674\",\"isSet\":false}, {\"sku\": \"BD-8S2X-800M\",\"available\": true, \"compareAtPriceString\": \"25,98 \u20ac\", \"priceString\": \"24,99 \u20ac\", \"compareAtPrice\": 25.98, \"price\": 24.99, \"sale\":true, \"percentage\":\"4%\", \"priceCurrency\" : \"EUR\", \"url\" : \"https://shop.plantura.garden/products/bio-beeren-und-obstbaumduenger-800-ml?variant=44454301106442\",\"isSet\":true }, {\"sku\": \"BD-8S4X-800M\",\"available\": true, \"compareAtPriceString\": \"51,96 \u20ac\", \"priceString\": \"47,99 \u20ac\", \"compareAtPrice\": 51.96, \"price\": 47.99, \"sale\":true, \"percentage\":\"8%\", \"priceCurrency\" : \"EUR\", \"url\" : \"https://shop.plantura.garden/products/bio-beeren-und-obstbaumduenger-800-ml?variant=44454301139210\",\"isSet\":true }, {\"sku\": \"BD-8S1X-800M\",\"available\": true, \"compareAtPriceString\": \"155,88 \u20ac\", \"priceString\": \"140,99 \u20ac\", \"compareAtPrice\": 155.88, \"price\": 140.99, \"sale\":true, \"percentage\":\"10%\", \"priceCurrency\" : \"EUR\", \"url\" : \"https://shop.plantura.garden/products/bio-beeren-und-obstbaumduenger-800-ml?variant=44454301171978\",\"isSet\":true }], \"handle\" : \"bio-beeren-und-obstbaumduenger-800-ml\"}, { \"name\": \"Bio-Beerenstr\u00e4ucher Bunte Beerenvielfalt (4er Set)\", \"unitPrice\" : \"\", \"compareAtPriceString\": \"75,96 \u20ac\", \"priceString\": \"59,99 \u20ac\", \"compareAtPrice\": 75.96, \"price\": 59.99, \"sale\":false, \"percentage\":\"21%\", \"badge\": \"angebot\", \"url\": \"https://shop.plantura.garden/products/bio-beerenstraeucher-bunte-beerenvielfalt-4er-set\", \"available\": true, \"availabilityInfo\":\"\", \"campaignInfo\":\"pflanzen-draussen\",\"isSet\": true, \"priceLabel\": \"Im Set\", \"compareAtPriceLabel\": \"Einzeln\",\"reviewsData\":{\"reviewCount\": 4, \"reviewAverageValue\": 4.5},\"image\": \"https://shop.plantura.garden/cdn/shop/files/bio-beerenstraeucher-set-bunte-beerenvielfalt_1476x.png?v=1691762342\", \"overlayImage\": \"https://shop.plantura.garden/cdn/shop/files/bio-siegel-overlay.png?v=1679900479\", \"overlayHidden\": false ,\"tags\": \"angebot,beefriendly,beeren,beeren set,beerenobst,beerenstr\u00e4ucher,beerenstr\u00e4ucher set,bio beeren,birdfriendly,blackberry,bundle,currant,fruit,gooseberry,live plants,organic,outdoor,pflanzen,pot-discount,raspberry,reiners,set\",\"bulletPoints\": [\"Set mit 4 bew\u00e4hrten \\u0026 vitaminreichen Bio-Beerenstr\u00e4uchern f\u00fcr den Garten\",\"Bunte Vielfalt aus Johannisbeere, Himbeere, Stachelbeere \\u0026 Brombeere\",\"Pflegeleicht, robust \\u0026 f\u00fcr Einsteiger geeignet\"],\"variants\" : [ {\"sku\": \"OB-BEBU-0015\",\"available\": true, \"compareAtPriceString\": \"75,96 \u20ac\", \"priceString\": \"59,99 \u20ac\", \"compareAtPrice\": 75.96, \"price\": 59.99, \"sale\":true, \"percentage\":\"21%\", \"priceCurrency\" : \"EUR\", \"url\" : \"https://shop.plantura.garden/products/bio-beerenstraeucher-bunte-beerenvielfalt-4er-set?variant=44453464899850\",\"isSet\":true }], \"handle\" : \"bio-beerenstraeucher-bunte-beerenvielfalt-4er-set\"}, { \"name\": \"Bio-Beerenstr\u00e4ucher Lange Erntezeit (4er Set)\", \"unitPrice\" : \"\", \"compareAtPriceString\": \"75,96 \u20ac\", \"priceString\": \"59,99 \u20ac\", \"compareAtPrice\": 75.96, \"price\": 59.99, \"sale\":false, \"percentage\":\"21%\", \"badge\": \"angebot\", \"url\": \"https://shop.plantura.garden/products/bio-beerenstraeucher-lange-erntezeit-4er-set\", \"available\": true, \"availabilityInfo\":\"\", \"campaignInfo\":\"pflanzen-draussen\",\"isSet\": true, \"priceLabel\": \"Im Set\", \"compareAtPriceLabel\": \"Einzeln\",\"reviewsData\":{\"reviewCount\": 3, \"reviewAverageValue\": 5.0},\"image\": \"https://shop.plantura.garden/cdn/shop/files/bio-beerenstraeucher-set-lange-erntezeit_1476x.png?v=1692795655\", \"overlayImage\": \"https://shop.plantura.garden/cdn/shop/files/bio-siegel-overlay.png?v=1679900479\", \"overlayHidden\": false ,\"tags\": \"angebot,beefriendly,beeren,beeren set,beerenobst,beerenstr\u00e4ucher,beerenstr\u00e4ucher set,bio beeren,birdfriendly,blackberry,bundle,currant,fruit,gooseberry,live plants,organic,outdoor,pflanzen,pot-discount,raspberry,reiners,set\",\"bulletPoints\": [\"Lange Erntezeit: Von Juni bis in den Oktober immer etwas pfl\u00fcckreif\",\"Ausgew\u00e4hlte Bio-Beerenstr\u00e4ucher: Johannisbeere, Stachelbeere, Himbeere \\u0026 Brombeere\",\"Pflegeleicht, winterhart \\u0026 f\u00fcr Einsteiger geeignet\"],\"variants\" : [ {\"sku\": \"OB-BEBU-0014\",\"available\": true, \"compareAtPriceString\": \"75,96 \u20ac\", \"priceString\": \"59,99 \u20ac\", \"compareAtPrice\": 75.96, \"price\": 59.99, \"sale\":true, \"percentage\":\"21%\", \"priceCurrency\" : \"EUR\", \"url\" : \"https://shop.plantura.garden/products/bio-beerenstraeucher-lange-erntezeit-4er-set?variant=44453464637706\",\"isSet\":true }], \"handle\" : \"bio-beerenstraeucher-lange-erntezeit-4er-set\"}, { \"name\": \"Bio-Beerenstr\u00e4ucher Naschbalkon (4er Set)\", \"unitPrice\" : \"\", \"compareAtPriceString\": \"91,96 \u20ac\", \"priceString\": \"79,99 \u20ac\", \"compareAtPrice\": 91.96, \"price\": 79.99, \"sale\":false, \"percentage\":\"13%\", \"badge\": \"angebot\", \"url\": \"https://shop.plantura.garden/products/bio-beerenstraeucher-naschbalkon-4er-set\", \"available\": true, \"availabilityInfo\":\"\", \"campaignInfo\":\"pflanzen-draussen\",\"isSet\": true, \"priceLabel\": \"Im Set\", \"compareAtPriceLabel\": \"Einzeln\",\"reviewsData\":{\"reviewCount\": 1, \"reviewAverageValue\": 5.0},\"image\": \"https://shop.plantura.garden/cdn/shop/files/bio-beerenstraeucher-set-naschbalkon_1476x.png?v=1692795628\", \"overlayImage\": \"https://shop.plantura.garden/cdn/shop/files/bio-siegel-overlay.png?v=1679900479\", \"overlayHidden\": false ,\"tags\": \"angebot,balcony,beefriendly,beeren,beeren set,beerenobst,beerenstr\u00e4ucher,beerenstr\u00e4ucher set,bio beeren,birdfriendly,bundle,currant,fruit,hochstamm,live plants,organic,outdoor,pflanzen,pot-discount,raspberry,reiners,set,st\u00e4mmchen\",\"bulletPoints\": [\"Perfekt f\u00fcr den Naschbalkon: 4 leckere Beerensorten f\u00fcr den Topf\",\"Ausgew\u00e4hlte Bio-Sorten von Himbeere \\u0026 Johannisbeere\",\"Robust, pflegeleicht \\u0026 ideal f\u00fcr Einsteiger\"],\"variants\" : [ {\"sku\": \"OB-BEBA-0016\",\"available\": true, \"compareAtPriceString\": \"91,96 \u20ac\", \"priceString\": \"79,99 \u20ac\", \"compareAtPrice\": 91.96, \"price\": 79.99, \"sale\":true, \"percentage\":\"13%\", \"priceCurrency\" : \"EUR\", \"url\" : \"https://shop.plantura.garden/products/bio-beerenstraeucher-naschbalkon-4er-set?variant=44591201091850\",\"isSet\":true }], \"handle\" : \"bio-beerenstraeucher-naschbalkon-4er-set\"}, { \"name\": \"Bio-Birnbaum \\u0026#39;Clapps Liebling\\u0026#39;\", \"unitPrice\" : \"\", \"compareAtPriceString\": \"\", \"priceString\": \"39,99 \u20ac\", \"compareAtPrice\": 0.0, \"price\": 39.99, \"sale\":false, \"percentage\":\"\", \"badge\": \"angebot\", \"url\": \"https://shop.plantura.garden/products/bio-birnbaum-clapps-liebling\", \"available\": false, \"availabilityInfo\":\"Verf\u00fcgbar ab Fr\u00fchjahr 2024\", \"campaignInfo\":\"pflanzen-draussen\",\"isSet\": false, \"priceLabel\": \"\", \"compareAtPriceLabel\": \"\",\"reviewsData\":{\"reviewCount\": 6, \"reviewAverageValue\": 4.8},\"image\": \"https://shop.plantura.garden/cdn/shop/files/bio-birnbaum-clapps-liebling_1476x.png?v=1692889339\", \"overlayImage\": \"https://shop.plantura.garden/cdn/shop/files/bio-siegel-overlay.png?v=1679900479\", \"overlayHidden\": false ,\"tags\": \"beefriendly,bio obst,birdfriendly,birnbaum,birne,birnenbaum,clapps lieblingsbirne,fruit,live plants,obstbaum,organic,outdoor,peartree,pflanzen,pot-discount,pyrus communis,reiners\",\"bulletPoints\": [\"Fr\u00fchbirne mit saftig-s\u00fc\u00dfem Geschmack \\u0026 angenehmer W\u00fcrze\",\"Sehr gro\u00dfe Fr\u00fcchte mit festem \\u0026 schmelzendem Fruchtfleisch\",\"Stadtklimafest \\u0026 wenig anf\u00e4llig f\u00fcr Birnengitterrost\"],\"variants\" : [ {\"sku\": \"OP-PYCO-0314\",\"available\": false, \"compareAtPriceString\": \"\", \"priceString\": \"39,99 \u20ac\", \"compareAtPrice\": 0.0, \"price\": 39.99, \"sale\":false, \"percentage\":\"\", \"priceCurrency\" : \"EUR\", \"url\" : \"https://shop.plantura.garden/products/bio-birnbaum-clapps-liebling?variant=44453505237258\",\"isSet\":false}, {\"sku\": \"OP-PYCO-0315\",\"available\": false, \"compareAtPriceString\": \"\", \"priceString\": \"59,99 \u20ac\", \"compareAtPrice\": 0.0, \"price\": 59.99, \"sale\":false, \"percentage\":\"\", \"priceCurrency\" : \"EUR\", \"url\" : \"https://shop.plantura.garden/products/bio-birnbaum-clapps-liebling?variant=44453505270026\",\"isSet\":false}], \"handle\" : \"bio-birnbaum-clapps-liebling\"}, { \"name\": \"Bio-Birnbaum \\u0026#39;Conference\\u0026#39;\", \"unitPrice\" : \"\", \"compareAtPriceString\": \"\", \"priceString\": \"39,99 \u20ac\", \"compareAtPrice\": 0.0, \"price\": 39.99, \"sale\":false, \"percentage\":\"\", \"badge\": \"angebot\", \"url\": \"https://shop.plantura.garden/products/bio-birnbaum-conference\", \"available\": false, \"availabilityInfo\":\"Verf\u00fcgbar ab Fr\u00fchjahr 2024\", \"campaignInfo\":\"pflanzen-draussen\",\"isSet\": false, \"priceLabel\": \"\", \"compareAtPriceLabel\": \"\",\"reviewsData\":{\"reviewCount\": 6, \"reviewAverageValue\": 4.8},\"image\": \"https://shop.plantura.garden/cdn/shop/files/bio-birnbaum-conference_1673x.png?v=1692798691\", \"overlayImage\": \"https://shop.plantura.garden/cdn/shop/files/bio-siegel-overlay.png?v=1679900479\", \"overlayHidden\": false ,\"tags\": \"beefriendly,bio obst,birdfriendly,birnbaum,birne,birnenbaum,fruit,konferenzbirne,live plants,obstbaum,organic,outdoor,peartree,pflanzen,pot-discount,pyrus communis,reiners\",\"bulletPoints\": [\"Harmonisches Zucker-S\u00e4ure-Verh\u00e4ltnis \\u0026 zarte W\u00fcrze\",\"Mittelgro\u00dfe Fr\u00fcchte mit schmelzendem \\u0026 saftigem Fruchtfleisch\",\"Regelm\u00e4\u00dfiger Ertrag \u2013 ideal als Tafelobst oder zum Verarbeiten\"],\"variants\" : [ {\"sku\": \"OP-PYCO-0312\",\"available\": false, \"compareAtPriceString\": \"\", \"priceString\": \"39,99 \u20ac\", \"compareAtPrice\": 0.0, \"price\": 39.99, \"sale\":false, \"percentage\":\"\", \"priceCurrency\" : \"EUR\", \"url\" : \"https://shop.plantura.garden/products/bio-birnbaum-conference?variant=44453505073418\",\"isSet\":false}, {\"sku\": \"OP-PYCO-0313\",\"available\": false, \"compareAtPriceString\": \"\", \"priceString\": \"59,99 \u20ac\", \"compareAtPrice\": 0.0, \"price\": 59.99, \"sale\":false, \"percentage\":\"\", \"priceCurrency\" : \"EUR\", \"url\" : \"https://shop.plantura.garden/products/bio-birnbaum-conference?variant=44453505106186\",\"isSet\":false}], \"handle\" : \"bio-birnbaum-conference\"}, { \"name\": \"Bio-Birnbaum \\u0026#39;Gute Luise\\u0026#39;\", \"unitPrice\" : \"\", \"compareAtPriceString\": \"\", \"priceString\": \"39,99 \u20ac\", \"compareAtPrice\": 0.0, \"price\": 39.99, \"sale\":false, \"percentage\":\"\", \"badge\": \"angebot\", \"url\": \"https://shop.plantura.garden/products/bio-birnbaum-gute-luise\", \"available\": false, \"availabilityInfo\":\"Verf\u00fcgbar ab Fr\u00fchjahr 2024\", \"campaignInfo\":\"pflanzen-draussen\",\"isSet\": false, \"priceLabel\": \"\", \"compareAtPriceLabel\": \"\",\"reviewsData\":{\"reviewCount\": 6, \"reviewAverageValue\": 4.8},\"image\": \"https://shop.plantura.garden/cdn/shop/files/bio-birnbaum-gute-luise_1969x.png?v=1692798736\", \"overlayImage\": \"https://shop.plantura.garden/cdn/shop/files/bio-siegel-overlay.png?v=1679900479\", \"overlayHidden\": false ,\"tags\": \"beefriendly,bio obst,birdfriendly,birnbaum,birne,birnenbaum,bonne louise davranches,fruit,gute luise von avranches,live plants,obstbaum,organic,outdoor,peartree,pflanzen,pot-discount,prinz von w\u00fcrttemberg,pyrus communis,reiners\",\"bulletPoints\": [\"Bew\u00e4hrte Birnensorte mit angenehmer S\u00fc\u00dfe \\u0026 w\u00fcrziger Note\",\"Gro\u00dfe Fr\u00fcchte mit festem, schmelzendem Fruchtfleisch\",\"Stadtklimafest \\u0026 gleichm\u00e4\u00dfig hohe Ertr\u00e4ge\"],\"variants\" : [ {\"sku\": \"OP-PYCO-0316\",\"available\": false, \"compareAtPriceString\": \"\", \"priceString\": \"39,99 \u20ac\", \"compareAtPrice\": 0.0, \"price\": 39.99, \"sale\":false, \"percentage\":\"\", \"priceCurrency\" : \"EUR\", \"url\" : \"https://shop.plantura.garden/products/bio-birnbaum-gute-luise?variant=44453505663242\",\"isSet\":false}, {\"sku\": \"OP-PYCO-0317\",\"available\": false, \"compareAtPriceString\": \"\", \"priceString\": \"59,99 \u20ac\", \"compareAtPrice\": 0.0, \"price\": 59.99, \"sale\":false, \"percentage\":\"\", \"priceCurrency\" : \"EUR\", \"url\" : \"https://shop.plantura.garden/products/bio-birnbaum-gute-luise?variant=44453505696010\",\"isSet\":false}], \"handle\" : \"bio-birnbaum-gute-luise\"}, { \"name\": \"Bio-Birnbaum \\u0026#39;K\u00f6stliche von Charneux\\u0026#39;\", \"unitPrice\" : \"\", \"compareAtPriceString\": \"\", \"priceString\": \"39,99 \u20ac\", \"compareAtPrice\": 0.0, \"price\": 39.99, \"sale\":false, \"percentage\":\"\", \"badge\": \"angebot\", \"url\": \"https://shop.plantura.garden/products/bio-birnbaum-koestliche-von-charneux\", \"available\": false, \"availabilityInfo\":\"Verf\u00fcgbar ab Fr\u00fchjahr 2024\", \"campaignInfo\":\"pflanzen-draussen\",\"isSet\": false, \"priceLabel\": \"\", \"compareAtPriceLabel\": \"\",\"reviewsData\":{\"reviewCount\": 6, \"reviewAverageValue\": 4.8},\"image\": \"https://shop.plantura.garden/cdn/shop/files/bio-birnbaum-koestliche-von-charneux_1476x.png?v=1691765790\", \"overlayImage\": \"https://shop.plantura.garden/cdn/shop/files/bio-siegel-overlay.png?v=1679900479\", \"overlayHidden\": false ,\"tags\": \"beefriendly,bio obst,birdfriendly,birnbaum,birne,birnenbaum,b\u00fcrgermeisterbirne,fruit,legipont,live plants,obstbaum,organic,outdoor,peartree,pflanzen,pot-discount,pyrus communis,reiners\",\"bulletPoints\": [\"Saftiger, s\u00fc\u00dfer \\u0026 kr\u00e4ftiger Geschmack mit feinw\u00fcrzigem Aroma\",\"Ei- bis kegelf\u00f6rmige Birnen mit schmelzendem Fruchtfleisch\",\"Sehr robuste Sorte mit geringen Standortanspr\u00fcchen\"],\"variants\" : [ {\"sku\": \"OP-PYCO-0311\",\"available\": false, \"compareAtPriceString\": \"\", \"priceString\": \"39,99 \u20ac\", \"compareAtPrice\": 0.0, \"price\": 39.99, \"sale\":false, \"percentage\":\"\", \"priceCurrency\" : \"EUR\", \"url\" : \"https://shop.plantura.garden/products/bio-birnbaum-koestliche-von-charneux?variant=44453504778506\",\"isSet\":false}], \"handle\" : \"bio-birnbaum-koestliche-von-charneux\"}, { \"name\": \"Bio-Blumen- \\u0026amp; Balkond\u00fcnger 800 ml\", \"unitPrice\" : \"Grundpreis: 16,24 \u20ac/l\", \"compareAtPriceString\": \"\", \"priceString\": \"12,99 \u20ac\", \"compareAtPrice\": 0.0, \"price\": 12.99, \"sale\":false, \"percentage\":\"\", \"badge\": \"angebot\", \"url\": \"https://shop.plantura.garden/products/bio-blumen-und-balkonduenger-800-ml\", \"available\": true, \"availabilityInfo\":\"\", \"campaignInfo\":\"duenger\",\"isSet\": false, \"priceLabel\": \"\", \"compareAtPriceLabel\": \"\",\"reviewsData\":{\"reviewCount\": 65, \"reviewAverageValue\": 4.9},\"image\": \"https://shop.plantura.garden/cdn/shop/files/blumenduenger-fluessig-plantura_1476x.png?v=1690808749\",\"tags\": \"balkonblumen,Blumen,BlumenBalkonpflanzen,bl\u00fchpflanzen,category_d\u00fcnger,clematis,fertilizer,fl\u00fcssigd\u00fcnger,fuchsie,geranie,grow flowers,hibiskus,lilie,liquid fertilizer,mother-gift,muttertag,oleander,organischer d\u00fcnger,passionsblume,petunie,pfingstrose,pflanzend\u00fcnger,vinasse\",\"bulletPoints\": [\"Organischer Bio-Fl\u00fcssigd\u00fcnger f\u00fcr alle Blumen \\u0026 Balkonpflanzen\",\"F\u00fcr eine \u00fcppige Bl\u00fctenpracht w\u00e4hrend der gesamten Saison\",\"Schnelle \\u0026 einfache Gie\u00dfanwendung - unbedenklich f\u00fcr Haus- \\u0026 Gartentiere\"],\"customImages\": {},\"variants\" : [ {\"sku\": \"WQ-LCXM-616I\",\"available\": true, \"compareAtPriceString\": \"\", \"priceString\": \"12,99 \u20ac\", \"compareAtPrice\": 0.0, \"price\": 12.99, \"sale\":false, \"percentage\":\"\", \"priceCurrency\" : \"EUR\", \"url\" : \"https://shop.plantura.garden/products/bio-blumen-und-balkonduenger-800-ml?variant=33327241822296\",\"isSet\":false}, {\"sku\": \"S0-WS60-6GZL\",\"available\": true, \"compareAtPriceString\": \"25,98 \u20ac\", \"priceString\": \"24,99 \u20ac\", \"compareAtPrice\": 25.98, \"price\": 24.99, \"sale\":true, \"percentage\":\"4%\", \"priceCurrency\" : \"EUR\", \"url\" : \"https://shop.plantura.garden/products/bio-blumen-und-balkonduenger-800-ml?variant=33327241855064\",\"isSet\":true }, {\"sku\": \"YB-KWMG-E3IH\",\"available\": true, \"compareAtPriceString\": \"51,96 \u20ac\", \"priceString\": \"47,99 \u20ac\", \"compareAtPrice\": 51.96, \"price\": 47.99, \"sale\":true, \"percentage\":\"8%\", \"priceCurrency\" : \"EUR\", \"url\" : \"https://shop.plantura.garden/products/bio-blumen-und-balkonduenger-800-ml?variant=33327241887832\",\"isSet\":true }, {\"sku\": \"U2-VQWO-AH36\",\"available\": true, \"compareAtPriceString\": \"155,88 \u20ac\", \"priceString\": \"140,99 \u20ac\", \"compareAtPrice\": 155.88, \"price\": 140.99, \"sale\":true, \"percentage\":\"10%\", \"priceCurrency\" : \"EUR\", \"url\" : \"https://shop.plantura.garden/products/bio-blumen-und-balkonduenger-800-ml?variant=33327241920600\",\"isSet\":true }], \"handle\" : \"bio-blumen-und-balkonduenger-800-ml\"}, { \"name\": \"Bio-Blumend\u00fcnger 1,5 kg\", \"unitPrice\" : \"Grundpreis: 9,99 \u20ac/kg\", \"compareAtPriceString\": \"\", \"priceString\": \"14,99 \u20ac\", \"compareAtPrice\": 0.0, \"price\": 14.99, \"sale\":false, \"percentage\":\"\", \"badge\": \"angebot\", \"url\": \"https://shop.plantura.garden/products/bio-blumenduenger-1-5-kg\", \"available\": true, \"availabilityInfo\":\"\", \"campaignInfo\":\"duenger\",\"isSet\": false, \"priceLabel\": \"\", \"compareAtPriceLabel\": \"\",\"reviewsData\":{\"reviewCount\": 54, \"reviewAverageValue\": 4.9},\"image\": \"https://shop.plantura.garden/cdn/shop/files/bio-blumenduenger-plantura_1476x.png?v=1691046448\",\"tags\": \"Blumen,bl\u00fchpflanzen,category_d\u00fcnger,clematis,fertilizer,fuchsie,gartenblumen,geranie,granulatd\u00fcnger,grow flowers,hibiskus,langzeitd\u00fcnger,lilie,oleander,passionsblume,petunie,pfingstrose,pflanzend\u00fcnger,vinasse\",\"bulletPoints\": [\"Ideal f\u00fcr Bl\u00fchpflanzen im Garten \\u0026 auf dem Balkon\",\"F\u00fcr gest\u00e4rkte Pflanzen mit einer prachtvollen, langanhaltenden Bl\u00fcte\",\"Tierfreier Bio-Langzeitd\u00fcnger - unbedenklich f\u00fcr Haus- \\u0026 Gartentiere\"],\"customImages\": {},\"variants\" : [ {\"sku\": \"K6-L9FP-4IPI\",\"available\": true, \"compareAtPriceString\": \"\", \"priceString\": \"14,99 \u20ac\", \"compareAtPrice\": 0.0, \"price\": 14.99, \"sale\":false, \"percentage\":\"\", \"priceCurrency\" : \"EUR\", \"url\" : \"https://shop.plantura.garden/products/bio-blumenduenger-1-5-kg?variant=33327370141784\",\"isSet\":false}, {\"sku\": \"H6-FSE0-B0DW\",\"available\": true, \"compareAtPriceString\": \"29,98 \u20ac\", \"priceString\": \"28,99 \u20ac\", \"compareAtPrice\": 29.98, \"price\": 28.99, \"sale\":true, \"percentage\":\"3%\", \"priceCurrency\" : \"EUR\", \"url\" : \"https://shop.plantura.garden/products/bio-blumenduenger-1-5-kg?variant=33327370174552\",\"isSet\":true }, {\"sku\": \"N5-2SCT-19TM\",\"available\": true, \"compareAtPriceString\": \"59,96 \u20ac\", \"priceString\": \"55,99 \u20ac\", \"compareAtPrice\": 59.96, \"price\": 55.99, \"sale\":true, \"percentage\":\"7%\", \"priceCurrency\" : \"EUR\", \"url\" : \"https://shop.plantura.garden/products/bio-blumenduenger-1-5-kg?variant=33327370207320\",\"isSet\":true }, {\"sku\": \"ZR-R1Z5-PQBN\",\"available\": true, \"compareAtPriceString\": \"119,92 \u20ac\", \"priceString\": \"107,99 \u20ac\", \"compareAtPrice\": 119.92, \"price\": 107.99, \"sale\":true, \"percentage\":\"10%\", \"priceCurrency\" : \"EUR\", \"url\" : \"https://shop.plantura.garden/products/bio-blumenduenger-1-5-kg?variant=33327370240088\",\"isSet\":true }], \"handle\" : \"bio-blumenduenger-1-5-kg\"}, { \"name\": \"Bio-Blumenerde 40 L\", \"unitPrice\" : \"Grundpreis: 0,42 \u20ac/l\", \"compareAtPriceString\": \"\", \"priceString\": \"16,99 \u20ac\", \"compareAtPrice\": 0.0, \"price\": 16.99, \"sale\":false, \"percentage\":\"\", \"badge\": \"angebot\", \"url\": \"https://shop.plantura.garden/products/bio-blumenerde-40-l\", \"available\": true, \"availabilityInfo\":\"\", \"campaignInfo\":\"erden\",\"isSet\": false, \"priceLabel\": \"\", \"compareAtPriceLabel\": \"\",\"reviewsData\":{\"reviewCount\": 57, \"reviewAverageValue\": 4.8},\"image\": \"https://shop.plantura.garden/cdn/shop/files/bio-blumenerde-plantura_1476x.png?v=1691048223\",\"tags\": \"balkon,Blumen,category_erde,clematis,fuchsie,geranie,grow flowers,hibiskus,lilie,passionsblume,petunie,pfingstrose,pflanzerde,rose,soils sand chalk & mulch,substrat\",\"bulletPoints\": [\"Ideal f\u00fcr alle Bl\u00fchpflanzen im Beet \\u0026 im Topf geeignet\",\"Sorgt f\u00fcr eine \u00fcppige \\u0026 langanhaltende Bl\u00fctenpracht\",\"Torffrei \\u0026 klimafreundlich: CO\\u003csub\\u003e2\\u003c\\/sub\\u003e-reduzierte Bio-Erde hergestellt in Deutschland\"],\"variants\" : [ {\"sku\": \"BC-LWDO-QWYA\",\"available\": true, \"compareAtPriceString\": \"\", \"priceString\": \"16,99 \u20ac\", \"compareAtPrice\": 0.0, \"price\": 16.99, \"sale\":false, \"percentage\":\"\", \"priceCurrency\" : \"EUR\", \"url\" : \"https://shop.plantura.garden/products/bio-blumenerde-40-l?variant=33327410217048\",\"isSet\":false}, {\"sku\": \"2T-6911-JD3E\",\"available\": true, \"compareAtPriceString\": \"33,98 \u20ac\", \"priceString\": \"31,99 \u20ac\", \"compareAtPrice\": 33.98, \"price\": 31.99, \"sale\":true, \"percentage\":\"6%\", \"priceCurrency\" : \"EUR\", \"url\" : \"https://shop.plantura.garden/products/bio-blumenerde-40-l?variant=33327410249816\",\"isSet\":true }, {\"sku\": \"HG-QKRG-MZQ8\",\"available\": true, \"compareAtPriceString\": \"67,96 \u20ac\", \"priceString\": \"62,99 \u20ac\", \"compareAtPrice\": 67.96, \"price\": 62.99, \"sale\":true, \"percentage\":\"7%\", \"priceCurrency\" : \"EUR\", \"url\" : \"https://shop.plantura.garden/products/bio-blumenerde-40-l?variant=33327410282584\",\"isSet\":true }], \"handle\" : \"bio-blumenerde-40-l\"}, { \"name\": \"Bio-Blumenerde Palette 60 x 40 L\", \"unitPrice\" : \"Grundpreis: 0,29 \u20ac/l\", \"compareAtPriceString\": \"1.019,40 \u20ac\", \"priceString\": \"699,99 \u20ac\", \"compareAtPrice\": 1019.4, \"price\": 699.99, \"sale\":false, \"percentage\":\"31%\", \"badge\": \"angebot\", \"url\": \"https://shop.plantura.garden/products/palette-bio-blumenerde-40-l\", \"available\": true, \"availabilityInfo\":\"\", \"campaignInfo\":\"erden\",\"isSet\": true, \"priceLabel\": \"Im Set\", \"compareAtPriceLabel\": \"Einzeln\",\"reviewsData\":{\"reviewCount\": 0, \"reviewAverageValue\": 0.0},\"image\": \"https://shop.plantura.garden/cdn/shop/files/bio-blumenerde-palette-plantura_1476x.png?v=1691395765\",\"tags\": \"Blumen,category_erde,grow flowers,soils sand chalk & mulch\",\"variants\" : [ {\"sku\": \"EP-LWDO-BE60\",\"available\": true, \"compareAtPriceString\": \"1.019,40 \u20ac\", \"priceString\": \"699,99 \u20ac\", \"compareAtPrice\": 1019.4, \"price\": 699.99, \"sale\":true, \"percentage\":\"31%\", \"priceCurrency\" : \"EUR\", \"url\" : \"https://shop.plantura.garden/products/palette-bio-blumenerde-40-l?variant=39474903351384\",\"isSet\":true }], \"handle\" : \"palette-bio-blumenerde-40-l\"}, { \"name\": \"Bio-Bodenaktivator 10,5 kg (Sack)\", \"unitPrice\" : \"Grundpreis: 3,81 \u20ac/kg\", \"compareAtPriceString\": \"\", \"priceString\": \"39,99 \u20ac\", \"compareAtPrice\": 0.0, \"price\": 39.99, \"sale\":false, \"percentage\":\"\", \"badge\": \"angebot\", \"url\": \"https://shop.plantura.garden/products/bio-bodenaktivator-10-5-kg\", \"available\": true, \"availabilityInfo\":\"\", \"campaignInfo\":\"duenger\",\"isSet\": false, \"priceLabel\": \"\", \"compareAtPriceLabel\": \"\",\"reviewsData\":{\"reviewCount\": 82, \"reviewAverageValue\": 4.9},\"image\": \"https://shop.plantura.garden/cdn/shop/files/bio-bodenaktivator-10-5kg-plantura_1476x.png?v=1691047577\",\"tags\": \"bioaktivator,Blumen,bodend\u00fcnger,bodenverbesserung,category_d\u00fcnger,fertilizer,Gem\u00fcse,grow fruit,grow lawn,grow vegetables,Hecken & Str\u00e4ucher,Hortensien,humus,langzeitd\u00fcnger,mykorrhiza,Rasen,rasenaktivator,Rosen,Tomaten,vinasse,wurzelaktivator\",\"bulletPoints\": [\"F\u00f6rdert die Humusbildung und aktiviert den Boden in Beeten und im Rasen\",\"Mit lebenden Mykorrhiza-Pilzen f\u00fcr optimale Bodenfruchtbarkeit\",\"Tierfreier Bodenaktivator - unbedenklich f\u00fcr Haus- \\u0026 Gartentiere\"],\"variants\" : [ {\"sku\": \"IQ-5802-8ZX8\",\"available\": true, \"compareAtPriceString\": \"\", \"priceString\": \"39,99 \u20ac\", \"compareAtPrice\": 0.0, \"price\": 39.99, \"sale\":false, \"percentage\":\"\", \"priceCurrency\" : \"EUR\", \"url\" : \"https://shop.plantura.garden/products/bio-bodenaktivator-10-5-kg?variant=33327501082712\",\"isSet\":false}, {\"sku\": \"P1-0I5V-SRT5\",\"available\": true, \"compareAtPriceString\": \"79,98 \u20ac\", \"priceString\": \"75,99 \u20ac\", \"compareAtPrice\": 79.98, \"price\": 75.99, \"sale\":true, \"percentage\":\"5%\", \"priceCurrency\" : \"EUR\", \"url\" : \"https://shop.plantura.garden/products/bio-bodenaktivator-10-5-kg?variant=33327501115480\",\"isSet\":true }, {\"sku\": \"JV-GJ7N-FSHA\",\"available\": true, \"compareAtPriceString\": \"159,96 \u20ac\", \"priceString\": \"147,99 \u20ac\", \"compareAtPrice\": 159.96, \"price\": 147.99, \"sale\":true, \"percentage\":\"7%\", \"priceCurrency\" : \"EUR\", \"url\" : \"https://shop.plantura.garden/products/bio-bodenaktivator-10-5-kg?variant=33327501148248\",\"isSet\":true }], \"handle\" : \"bio-bodenaktivator-10-5-kg\"}, { \"name\": \"Bio-Bodenaktivator 3 kg (Box)\", \"unitPrice\" : \"Grundpreis: 6,66 \u20ac/kg\", \"compareAtPriceString\": \"\", \"priceString\": \"19,99 \u20ac\", \"compareAtPrice\": 0.0, \"price\": 19.99, \"sale\":false, \"percentage\":\"\", \"badge\": \"angebot\", \"url\": \"https://shop.plantura.garden/products/bio-bodenaktivator-3-kg\", \"available\": true, \"availabilityInfo\":\"\", \"campaignInfo\":\"duenger\",\"isSet\": false, \"priceLabel\": \"\", \"compareAtPriceLabel\": \"\",\"reviewsData\":{\"reviewCount\": 31, \"reviewAverageValue\": 4.8},\"image\": \"https://shop.plantura.garden/cdn/shop/files/bio-bodenaktivator-3kg-plantura_1476x.png?v=1691047407\",\"tags\": \"bioaktivator,Blumen,bodend\u00fcnger,bodenverbesserung,category_d\u00fcnger,fertilizer,Gem\u00fcse,grow fruit,grow lawn,grow vegetables,Hecken & Str\u00e4ucher,Hortensien,humus,langzeitd\u00fcnger,mykorrhiza,Rasen,rasenaktivator,Rosen,Tomaten,vinasse,wurzelaktivator\",\"bulletPoints\": [\"F\u00f6rdert die Humusbildung und aktiviert den Boden in Beeten und im Rasen\",\"Mit lebenden Mykorrhiza-Pilzen f\u00fcr optimale Bodenfruchtbarkeit\",\"Tierfreier Bodenaktivator - unbedenklich f\u00fcr Haus- \\u0026 Gartentiere\"],\"variants\" : [ {\"sku\": \"6H-USF2-UESV\",\"available\": true, \"compareAtPriceString\": \"\", \"priceString\": \"19,99 \u20ac\", \"compareAtPrice\": 0.0, \"price\": 19.99, \"sale\":false, \"percentage\":\"\", \"priceCurrency\" : \"EUR\", \"url\" : \"https://shop.plantura.garden/products/bio-bodenaktivator-3-kg?variant=33327493972056\",\"isSet\":false}, {\"sku\": \"42-76GZ-GQZK\",\"available\": true, \"compareAtPriceString\": \"39,98 \u20ac\", \"priceString\": \"37,99 \u20ac\", \"compareAtPrice\": 39.98, \"price\": 37.99, \"sale\":true, \"percentage\":\"5%\", \"priceCurrency\" : \"EUR\", \"url\" : \"https://shop.plantura.garden/products/bio-bodenaktivator-3-kg?variant=33327494004824\",\"isSet\":true }], \"handle\" : \"bio-bodenaktivator-3-kg\"}, { \"name\": \"Bio-Brombeere \\u0026#39;Oregon Thornless\\u0026#39;\", \"unitPrice\" : \"\", \"compareAtPriceString\": \"\", \"priceString\": \"18,99 \u20ac\", \"compareAtPrice\": 0.0, \"price\": 18.99, \"sale\":false, \"percentage\":\"\", \"badge\": \"angebot\", \"url\": \"https://shop.plantura.garden/products/bio-brombeere-oregon-thornless\", \"available\": true, \"availabilityInfo\":\"\", \"campaignInfo\":\"pflanzen-draussen\",\"isSet\": false, \"priceLabel\": \"\", \"compareAtPriceLabel\": \"\",\"reviewsData\":{\"reviewCount\": 8, \"reviewAverageValue\": 4.9},\"image\": \"https://shop.plantura.garden/cdn/shop/files/bio-brombeere-oregon-thornless_1476x.png?v=1692799129\", \"overlayImage\": \"https://shop.plantura.garden/cdn/shop/files/bio-siegel-overlay.png?v=1679900479\", \"overlayHidden\": false ,\"tags\": \"beefriendly,beeren,beerenobst,bio obst,birdfriendly,blackberry,brombeere,brombeerpflanze,brombeerstrauch,fruit,live plants,organic,outdoor,pflanzen,pot-discount,reiners,rubus fruticosus\",\"bulletPoints\": [\"Sehr ertragreiche Brombeere mit stachellosen Trieben \\u0026 geschlitzten Bl\u00e4ttern\",\"S\u00fc\u00dfe bis mild s\u00e4uerliche Fr\u00fcchte mit gl\u00e4nzend schwarzen Fr\u00fcchten\",\"Pflegeleicht \\u0026 anf\u00e4ngerfreundlich \u2013 ideal f\u00fcr Mauern oder Spaliere\"],\"variants\" : [ {\"sku\": \"OP-RUFR-0338\",\"available\": true, \"compareAtPriceString\": \"\", \"priceString\": \"18,99 \u20ac\", \"compareAtPrice\": 0.0, \"price\": 18.99, \"sale\":false, \"percentage\":\"\", \"priceCurrency\" : \"EUR\", \"url\" : \"https://shop.plantura.garden/products/bio-brombeere-oregon-thornless?variant=44453511364874\",\"isSet\":false}], \"handle\" : \"bio-brombeere-oregon-thornless\"}, { \"name\": \"Bio-Chili Samen-Set mit 8 Sorten\", \"unitPrice\" : \"\", \"compareAtPriceString\": \"\", \"priceString\": \"9,99 \u20ac\", \"compareAtPrice\": 0.0, \"price\": 9.99, \"sale\":false, \"percentage\":\"\", \"badge\": \"angebot\", \"url\": \"https://shop.plantura.garden/products/bio-chili-samen-set\", \"available\": true, \"availabilityInfo\":\"\", \"campaignInfo\":\"saatgut\",\"isSet\": false, \"priceLabel\": \"\", \"compareAtPriceLabel\": \"\",\"reviewsData\":{\"reviewCount\": 28, \"reviewAverageValue\": 4.9},\"image\": \"https://shop.plantura.garden/cdn/shop/files/plantura-bio-chili-samen-set_1476x.png?v=1691139203\", \"overlayImage\": \"https://shop.plantura.garden/cdn/shop/files/bio-siegel-overlay.png?v=1679900479\", \"overlayHidden\": false ,\"tags\": \"aussaat,balkon,bhut jolokia,category_saatgut,chilli,chillis,de cayenne,geschenk,green-week-22,greenweek-geschenkideen,grow vegetables,habanero,hungarian hot wax,jalapeno,piquillo,prairie fire,saat,saatgut,samen,Samen- & Anzucht-Sets (Geschenkideen),Samen-Sets (Saatgut),seed sets,serrano\",\"bulletPoints\": [\"8 feurig-fruchtige Sorten im Set - inklusive kostenlosem Online-Kurs zur Anzucht\",\"Samenfestes und keimstarkes Bio-Saatgut f\u00fcr Garten \\u0026 Balkon\",\"Nachhaltige Geschenkidee mit liebevoll illustrierter Verpackung\"],\"variants\" : [ {\"sku\": \"SS-PCSS-08ST\",\"available\": true, \"compareAtPriceString\": \"\", \"priceString\": \"9,99 \u20ac\", \"compareAtPrice\": 0.0, \"price\": 9.99, \"sale\":false, \"percentage\":\"\", \"priceCurrency\" : \"EUR\", \"url\" : \"https://shop.plantura.garden/products/bio-chili-samen-set?variant=39914921099352\",\"isSet\":false}], \"handle\" : \"bio-chili-samen-set\"}, { \"name\": \"Bio-Gartengem\u00fcse Samen-Set mit 10 Sorten\", \"unitPrice\" : \"\", \"compareAtPriceString\": \"\", \"priceString\": \"9,99 \u20ac\", \"compareAtPrice\": 0.0, \"price\": 9.99, \"sale\":false, \"percentage\":\"\", \"badge\": \"angebot\", \"url\": \"https://shop.plantura.garden/products/bio-gartengemuese-samen-set\", \"available\": true, \"availabilityInfo\":\"\", \"campaignInfo\":\"saatgut\",\"isSet\": false, \"priceLabel\": \"\", \"compareAtPriceLabel\": \"\",\"reviewsData\":{\"reviewCount\": 22, \"reviewAverageValue\": 4.6},\"image\": \"https://shop.plantura.garden/cdn/shop/files/plantura-bio-gartengemuese-samen-set_1476x.png?v=1691139460\", \"overlayImage\": \"https://shop.plantura.garden/cdn/shop/files/bio-siegel-overlay.png?v=1679900479\", \"overlayHidden\": false ,\"tags\": \"ananas,aubergine,aussaat,basilikum,black beauty,bright lights,category_saatgut,chili,chilli,coucourzelle,fleischtomate,french breakfast,Gem\u00fcse,gem\u00fcsesamen,genoveser,geschenk,green-week-22,greenweek-geschenkideen,grow vegetables,jalapeno,karotte,kinder,lobbericher gelb,lollo bionda,mangold,m\u00f6hre,radieschen,rote beete,rote bete,salat,samen,seed sets,tomate,tonda di chioggia,zucchini\",\"bulletPoints\": [\"10 bunte \\u0026 ertragreiche Sorten im Set - inklusive kostenlosem Online-Kurs zur Anzucht\",\"Keimstarkes und samenfestes Bio-Saatgut f\u00fcrs Beet \\u0026 Hochbeet\",\"Nachhaltige Geschenkidee mit liebevoll illustrierter Verpackung\"],\"variants\" : [ {\"sku\": \"SS-GGSS-10ST\",\"available\": true, \"compareAtPriceString\": \"\", \"priceString\": \"9,99 \u20ac\", \"compareAtPrice\": 0.0, \"price\": 9.99, \"sale\":false, \"percentage\":\"\", \"priceCurrency\" : \"EUR\", \"url\" : \"https://shop.plantura.garden/products/bio-gartengemuese-samen-set?variant=39910551552088\",\"isSet\":false}], \"handle\" : \"bio-gartengemuese-samen-set\"}, { \"name\": \"Bio-Herbstrasend\u00fcnger 10,5 kg (Sack)\", \"unitPrice\" : \"Grundpreis: 3,33 \u20ac/kg\", \"compareAtPriceString\": \"\", \"priceString\": \"34,99 \u20ac\", \"compareAtPrice\": 0.0, \"price\": 34.99, \"sale\":false, \"percentage\":\"\", \"badge\": \"angebot\", \"url\": \"https://shop.plantura.garden/products/bio-herbstrasenduenger-10-5-kg\", \"available\": true, \"availabilityInfo\":\"\", \"campaignInfo\":\"rasen\",\"isSet\": false, \"priceLabel\": \"\", \"compareAtPriceLabel\": \"\",\"reviewsData\":{\"reviewCount\": 200, \"reviewAverageValue\": 4.9},\"image\": \"https://shop.plantura.garden/cdn/shop/files/bio-herbstrasenduenger-10-5kg-plantura_1476x.png?v=1690964077\",\"tags\": \"boden,category_d\u00fcnger,fertilizer,granulatd\u00fcnger,grow lawn,herbst,herbst rasend\u00fcnger,herbstd\u00fcnger,kalium,langzeitd\u00fcnger,lawn fertilizer,pflanzend\u00fcnger,Rasen,rasenpflege,rollrasen,streuwagen,vinasse\",\"bulletPoints\": [\"Ideal geeignet f\u00fcr die Rasend\u00fcngung von Juli bis Oktober\",\"Sorgt f\u00fcr maximale Winterh\u00e4rte \\u0026 eine schnelle Regeneration im Fr\u00fchjahr\",\"Tierfreier Bio-Langzeitd\u00fcnger - unbedenklich f\u00fcr Haus- \\u0026 Gartentiere\"],\"variants\" : [ {\"sku\": \"SE-NQDD-HD03\",\"available\": true, \"compareAtPriceString\": \"\", \"priceString\": \"34,99 \u20ac\", \"compareAtPrice\": 0.0, \"price\": 34.99, \"sale\":false, \"percentage\":\"\", \"priceCurrency\" : \"EUR\", \"url\" : \"https://shop.plantura.garden/products/bio-herbstrasenduenger-10-5-kg?variant=33309177217112\",\"isSet\":false}, {\"sku\": \"RR-9EMD-YLLV\",\"available\": true, \"compareAtPriceString\": \"69,98 \u20ac\", \"priceString\": \"64,99 \u20ac\", \"compareAtPrice\": 69.98, \"price\": 64.99, \"sale\":true, \"percentage\":\"7%\", \"priceCurrency\" : \"EUR\", \"url\" : \"https://shop.plantura.garden/products/bio-herbstrasenduenger-10-5-kg?variant=33309177249880\",\"isSet\":true }, {\"sku\": \"US-SPIT-RP2I\",\"available\": true, \"compareAtPriceString\": \"139,96 \u20ac\", \"priceString\": \"124,99 \u20ac\", \"compareAtPrice\": 139.96, \"price\": 124.99, \"sale\":true, \"percentage\":\"11%\", \"priceCurrency\" : \"EUR\", \"url\" : \"https://shop.plantura.garden/products/bio-herbstrasenduenger-10-5-kg?variant=33309177282648\",\"isSet\":true }], \"handle\" : \"bio-herbstrasenduenger-10-5-kg\"}, { \"name\": \"Bio-Herbstrasend\u00fcnger 3 kg (Box)\", \"unitPrice\" : \"\", \"compareAtPriceString\": \"\", \"priceString\": \"14,99 \u20ac\", \"compareAtPrice\": 0.0, \"price\": 14.99, \"sale\":false, \"percentage\":\"\", \"badge\": \"angebot\", \"url\": \"https://shop.plantura.garden/products/bio-herbstrasenduenger-3-kg\", \"available\": false, \"availabilityInfo\":\"\", \"campaignInfo\":\"rasen\",\"isSet\": false, \"priceLabel\": \"\", \"compareAtPriceLabel\": \"\",\"reviewsData\":{\"reviewCount\": 34, \"reviewAverageValue\": 5.0},\"image\": \"https://shop.plantura.garden/cdn/shop/files/bio-herbstrasenduenger-plantura-3kg_1476x.png?v=1690964509\",\"tags\": \"boden,category_d\u00fcnger,fertilizer,granulatd\u00fcnger,grow lawn,herbst,herbst rasend\u00fcnger,herbstd\u00fcnger,kalium,langzeitd\u00fcnger,lawn fertilizer,pflanzend\u00fcnger,Rasen,rasenpflege,rollrasen,streuwagen,vinasse\",\"bulletPoints\": [\"Ideal geeignet f\u00fcr die Rasend\u00fcngung von Juli bis Oktober\",\"Sorgt f\u00fcr maximale Winterh\u00e4rte \\u0026 eine schnelle Regeneration im Fr\u00fchjahr\",\"Tierfreier Bio-Langzeitd\u00fcnger - unbedenklich f\u00fcr Haus- \\u0026 Gartentiere\"],\"customImages\": {},\"variants\" : [ {\"sku\": \"0U-HECY-4I34\",\"available\": false, \"compareAtPriceString\": \"\", \"priceString\": \"14,99 \u20ac\", \"compareAtPrice\": 0.0, \"price\": 14.99, \"sale\":false, \"percentage\":\"\", \"priceCurrency\" : \"EUR\", \"url\" : \"https://shop.plantura.garden/products/bio-herbstrasenduenger-3-kg?variant=33327512715352\",\"isSet\":false}, {\"sku\": \"Z9-QDAW-2VI1\",\"available\": false, \"compareAtPriceString\": \"29,98 \u20ac\", \"priceString\": \"27,99 \u20ac\", \"compareAtPrice\": 29.98, \"price\": 27.99, \"sale\":true, \"percentage\":\"7%\", \"priceCurrency\" : \"EUR\", \"url\" : \"https://shop.plantura.garden/products/bio-herbstrasenduenger-3-kg?variant=33327512748120\",\"isSet\":true }], \"handle\" : \"bio-herbstrasenduenger-3-kg\"}, { \"name\": \"Bio-Himbeere \\u0026#39;Golden Everest\\u0026#39;\", \"unitPrice\" : \"\", \"compareAtPriceString\": \"\", \"priceString\": \"18,99 \u20ac\", \"compareAtPrice\": 0.0, \"price\": 18.99, \"sale\":false, \"percentage\":\"\", \"badge\": \"angebot\", \"url\": \"https://shop.plantura.garden/products/bio-himbeere-golden-everest\", \"available\": true, \"availabilityInfo\":\"\", \"campaignInfo\":\"pflanzen-draussen\",\"isSet\": false, \"priceLabel\": \"\", \"compareAtPriceLabel\": \"\",\"reviewsData\":{\"reviewCount\": 29, \"reviewAverageValue\": 4.7},\"image\": \"https://shop.plantura.garden/cdn/shop/files/bio-himbeere-golden-everest_1476x.png?v=1692799146\", \"overlayImage\": \"https://shop.plantura.garden/cdn/shop/files/bio-siegel-overlay.png?v=1679900479\", \"overlayHidden\": false ,\"tags\": \"beefriendly,beeren,beerenobst,bio obst,birdfriendly,fruit,himbeere,himbeerpflanze,himbeerstrauch,live plants,organic,outdoor,pflanzen,pot-discount,raspberry,reiners,rubus idaeus\",\"bulletPoints\": [\"Selbstfruchtende Sorte mit hohem Ertrag bis Oktober\",\"Gelbe Fr\u00fcchte mit s\u00fc\u00dflichem \\u0026 aromatischem Geschmack\",\"Pflegeleicht \\u0026 \u00e4u\u00dferst robust gegen\u00fcber Frost \u2013 ideal f\u00fcr Einsteiger\"],\"variants\" : [ {\"sku\": \"OP-RUID-0339\",\"available\": true, \"compareAtPriceString\": \"\", \"priceString\": \"18,99 \u20ac\", \"compareAtPrice\": 0.0, \"price\": 18.99, \"sale\":false, \"percentage\":\"\", \"priceCurrency\" : \"EUR\", \"url\" : \"https://shop.plantura.garden/products/bio-himbeere-golden-everest?variant=44454206865674\",\"isSet\":false}], \"handle\" : \"bio-himbeere-golden-everest\"}, { \"name\": \"Bio-Himbeere \\u0026#39;Heritage\\u0026#39;\", \"unitPrice\" : \"\", \"compareAtPriceString\": \"\", \"priceString\": \"18,99 \u20ac\", \"compareAtPrice\": 0.0, \"price\": 18.99, \"sale\":false, \"percentage\":\"\", \"badge\": \"angebot\", \"url\": \"https://shop.plantura.garden/products/bio-himbeere-heritage\", \"available\": true, \"availabilityInfo\":\"\", \"campaignInfo\":\"pflanzen-draussen\",\"isSet\": false, \"priceLabel\": \"\", \"compareAtPriceLabel\": \"\",\"reviewsData\":{\"reviewCount\": 29, \"reviewAverageValue\": 4.7},\"image\": \"https://shop.plantura.garden/cdn/shop/files/bio-himbeere-heritage_1476x.png?v=1692799161\", \"overlayImage\": \"https://shop.plantura.garden/cdn/shop/files/bio-siegel-overlay.png?v=1679900479\", \"overlayHidden\": false ,\"tags\": \"beefriendly,beeren,beerenobst,bio obst,birdfriendly,fruit,himbeere,himbeerpflanze,himbeerstrauch,live plants,organic,outdoor,pflanzen,pot-discount,raspberry,reiners,rubus idaeus\",\"bulletPoints\": [\"Robuste \\u0026 gen\u00fcgsame Herbsthimbeer-Sorte mit reichem Ertrag ab August\",\"Dunkelrote Fr\u00fcchte mit einem besonders s\u00fc\u00dflichen Geschmack\",\"Schnittfest sowie \u00e4u\u00dferst frosthart \u2013 pflegeleicht \\u0026 anf\u00e4ngerfreundlich\"],\"variants\" : [ {\"sku\": \"OP-RUID-0340\",\"available\": true, \"compareAtPriceString\": \"\", \"priceString\": \"18,99 \u20ac\", \"compareAtPrice\": 0.0, \"price\": 18.99, \"sale\":false, \"percentage\":\"\", \"priceCurrency\" : \"EUR\", \"url\" : \"https://shop.plantura.garden/products/bio-himbeere-heritage?variant=44454207586570\",\"isSet\":false}], \"handle\" : \"bio-himbeere-heritage\"}, { \"name\": \"Bio-Himbeere \\u0026#39;Meeker\\u0026#39;\", \"unitPrice\" : \"\", \"compareAtPriceString\": \"\", \"priceString\": \"18,99 \u20ac\", \"compareAtPrice\": 0.0, \"price\": 18.99, \"sale\":false, \"percentage\":\"\", \"badge\": \"angebot\", \"url\": \"https://shop.plantura.garden/products/bio-himbeere-meeker\", \"available\": true, \"availabilityInfo\":\"\", \"campaignInfo\":\"pflanzen-draussen\",\"isSet\": false, \"priceLabel\": \"\", \"compareAtPriceLabel\": \"\",\"reviewsData\":{\"reviewCount\": 29, \"reviewAverageValue\": 4.7},\"image\": \"https://shop.plantura.garden/cdn/shop/files/bio-himbeere-meeker_1476x.png?v=1692799179\", \"overlayImage\": \"https://shop.plantura.garden/cdn/shop/files/bio-siegel-overlay.png?v=1679900479\", \"overlayHidden\": false ,\"tags\": \"beefriendly,beeren,beerenobst,bio obst,birdfriendly,fruit,himbeere,himbeerpflanze,himbeerstrauch,live plants,organic,outdoor,pflanzen,pot-discount,raspberry,reiners,rubus idaeus\",\"bulletPoints\": [\"Sommerhimbeere mit hohem Ertrag ab Juli\",\"Herrlich s\u00fc\u00dfe, rote Himbeeren, die sich leicht vom Zapfen l\u00f6sen\",\"Sehr gut winterhart \\u0026 \u00e4u\u00dferst pflegeleicht\"],\"variants\" : [ {\"sku\": \"OP-RUID-0341\",\"available\": true, \"compareAtPriceString\": \"\", \"priceString\": \"18,99 \u20ac\", \"compareAtPrice\": 0.0, \"price\": 18.99, \"sale\":false, \"percentage\":\"\", \"priceCurrency\" : \"EUR\", \"url\" : \"https://shop.plantura.garden/products/bio-himbeere-meeker?variant=44454208340234\",\"isSet\":false}], \"handle\" : \"bio-himbeere-meeker\"}, { \"name\": \"Bio-Himbeere \\u0026#39;Willamette\\u0026#39;\", \"unitPrice\" : \"\", \"compareAtPriceString\": \"\", \"priceString\": \"18,99 \u20ac\", \"compareAtPrice\": 0.0, \"price\": 18.99, \"sale\":false, \"percentage\":\"\", \"badge\": \"angebot\", \"url\": \"https://shop.plantura.garden/products/bio-himbeere-willamette\", \"available\": true, \"availabilityInfo\":\"\", \"campaignInfo\":\"pflanzen-draussen\",\"isSet\": false, \"priceLabel\": \"\", \"compareAtPriceLabel\": \"\",\"reviewsData\":{\"reviewCount\": 29, \"reviewAverageValue\": 4.7},\"image\": \"https://shop.plantura.garden/cdn/shop/files/bio-himbeere-willamette_1476x.png?v=1692799193\", \"overlayImage\": \"https://shop.plantura.garden/cdn/shop/files/bio-siegel-overlay.png?v=1679900479\", \"overlayHidden\": false ,\"tags\": \"beefriendly,beeren,beerenobst,bio obst,birdfriendly,fruit,himbeere,himbeerpflanze,himbeerstrauch,live plants,organic,outdoor,pflanzen,pot-discount,raspberry,reiners,rubus idaeus\",\"bulletPoints\": [\"Sehr s\u00fc\u00df bis mild s\u00e4uerlich schmeckende Sommerhimbeeren ab August\",\"Leicht pfl\u00fcckbare \\u0026 dunkelrote Fr\u00fcchte mit festem Fruchtfleisch\",\"Besonders winterhart \\u0026 resistent gegen\u00fcber Wurzelsterben sowie Rutenkrankheit\"],\"variants\" : [ {\"sku\": \"OP-RUID-0342\",\"available\": true, \"compareAtPriceString\": \"\", \"priceString\": \"18,99 \u20ac\", \"compareAtPrice\": 0.0, \"price\": 18.99, \"sale\":false, \"percentage\":\"\", \"priceCurrency\" : \"EUR\", \"url\" : \"https://shop.plantura.garden/products/bio-himbeere-willamette?variant=44454209782026\",\"isSet\":false}], \"handle\" : \"bio-himbeere-willamette\"}, { \"name\": \"Bio-Himbeere \\u0026#39;ZEFA 3 Herbsternte\\u0026#39;\", \"unitPrice\" : \"\", \"compareAtPriceString\": \"\", \"priceString\": \"18,99 \u20ac\", \"compareAtPrice\": 0.0, \"price\": 18.99, \"sale\":false, \"percentage\":\"\", \"badge\": \"angebot\", \"url\": \"https://shop.plantura.garden/products/bio-himbeere-zefa-3-herbsternte\", \"available\": true, \"availabilityInfo\":\"\", \"campaignInfo\":\"pflanzen-draussen\",\"isSet\": false, \"priceLabel\": \"\", \"compareAtPriceLabel\": \"\",\"reviewsData\":{\"reviewCount\": 29, \"reviewAverageValue\": 4.7},\"image\": \"https://shop.plantura.garden/cdn/shop/files/bio-himbeere-zefa-3-herbsternte_1476x.png?v=1692799208\", \"overlayImage\": \"https://shop.plantura.garden/cdn/shop/files/bio-siegel-overlay.png?v=1679900479\", \"overlayHidden\": false ,\"tags\": \"beefriendly,beeren,beerenobst,bio obst,birdfriendly,fruit,himbeere,himbeerpflanze,himbeerstrauch,live plants,organic,outdoor,pflanzen,pot-discount,raspberry,reiners,rubus idaeus\",\"bulletPoints\": [\"Herbsthimbeere mit hohen Ertr\u00e4gen bis in den November hinein\",\"S\u00fc\u00df schmeckende Fr\u00fcchte mit dunkelrotem Fruchtfleisch \\u0026 Schale\",\"Sehr gut winterhart \\u0026 nicht anf\u00e4llig f\u00fcr Himbeerk\u00e4fer\"],\"variants\" : [ {\"sku\": \"OP-RUID-0343\",\"available\": true, \"compareAtPriceString\": \"\", \"priceString\": \"18,99 \u20ac\", \"compareAtPrice\": 0.0, \"price\": 18.99, \"sale\":false, \"percentage\":\"\", \"priceCurrency\" : \"EUR\", \"url\" : \"https://shop.plantura.garden/products/bio-himbeere-zefa-3-herbsternte?variant=44454210273546\",\"isSet\":false}], \"handle\" : \"bio-himbeere-zefa-3-herbsternte\"}, { \"name\": \"Bio-Hortensien- \\u0026amp; Rhododendrond\u00fcnger 800 ml\", \"unitPrice\" : \"Grundpreis: 16,24 \u20ac/l\", \"compareAtPriceString\": \"\", \"priceString\": \"12,99 \u20ac\", \"compareAtPrice\": 0.0, \"price\": 12.99, \"sale\":false, \"percentage\":\"\", \"badge\": \"new\", \"url\": \"https://shop.plantura.garden/products/bio-hortensien-und-rhododendronduenger-800-ml\", \"available\": true, \"availabilityInfo\":\"\", \"campaignInfo\":\"duenger\",\"isSet\": false, \"priceLabel\": \"\", \"compareAtPriceLabel\": \"\",\"reviewsData\":{\"reviewCount\": 24, \"reviewAverageValue\": 4.8},\"image\": \"https://shop.plantura.garden/cdn/shop/products/rhododendronduenger-bio-plantura_1476x.png?v=1679391376\",\"tags\": \"azaleend\u00fcnger,bio hortensiend\u00fcnger,blaubeeren d\u00fcnger,blaubeerend\u00fcnger,d\u00fcnger blaubeeren,d\u00fcnger heidelbeeren,fertilizer,fl\u00fcssigd\u00fcnger,grow flowers,heidelbeeren d\u00fcnger,heidelbeerend\u00fcnger,hortensiend\u00fcnger,liquid fertilizer,moorbeetd\u00fcnger,mother-gift,muttertag,new,organischer d\u00fcnger,pflanzend\u00fcnger,rhododendrond\u00fcnger,rhodod\u00fcnger,saurer d\u00fcnger\",\"bulletPoints\": [\"Bio-Fl\u00fcssigd\u00fcnger f\u00fcr Rhododendren, Hortensien, Blaubeeren \\u0026 Co.\",\"F\u00f6rdert eine reiche Bl\u00fctenpracht sowie aromatische Beeren\",\"Mit Eisen gegen gelbe Bl\u00e4tter \u2013 unbedenklich f\u00fcr Haus- \\u0026 Gartentiere\"],\"variants\" : [ {\"sku\": \"HD-8S5N-800M\",\"available\": true, \"compareAtPriceString\": \"\", \"priceString\": \"12,99 \u20ac\", \"compareAtPrice\": 0.0, \"price\": 12.99, \"sale\":false, \"percentage\":\"\", \"priceCurrency\" : \"EUR\", \"url\" : \"https://shop.plantura.garden/products/bio-hortensien-und-rhododendronduenger-800-ml?variant=44454310183178\",\"isSet\":false}, {\"sku\": \"HD-8S2X-800M\",\"available\": true, \"compareAtPriceString\": \"25,98 \u20ac\", \"priceString\": \"24,99 \u20ac\", \"compareAtPrice\": 25.98, \"price\": 24.99, \"sale\":true, \"percentage\":\"4%\", \"priceCurrency\" : \"EUR\", \"url\" : \"https://shop.plantura.garden/products/bio-hortensien-und-rhododendronduenger-800-ml?variant=44454310215946\",\"isSet\":true }, {\"sku\": \"HD-8S4X-800M\",\"available\": true, \"compareAtPriceString\": \"51,96 \u20ac\", \"priceString\": \"47,99 \u20ac\", \"compareAtPrice\": 51.96, \"price\": 47.99, \"sale\":true, \"percentage\":\"8%\", \"priceCurrency\" : \"EUR\", \"url\" : \"https://shop.plantura.garden/products/bio-hortensien-und-rhododendronduenger-800-ml?variant=44454310248714\",\"isSet\":true }, {\"sku\": \"HD-8S1X-800M\",\"available\": true, \"compareAtPriceString\": \"155,88 \u20ac\", \"priceString\": \"140,99 \u20ac\", \"compareAtPrice\": 155.88, \"price\": 140.99, \"sale\":true, \"percentage\":\"10%\", \"priceCurrency\" : \"EUR\", \"url\" : \"https://shop.plantura.garden/products/bio-hortensien-und-rhododendronduenger-800-ml?variant=44454310281482\",\"isSet\":true }], \"handle\" : \"bio-hortensien-und-rhododendronduenger-800-ml\"}, { \"name\": \"Bio-Hortensiend\u00fcnger 1,5 kg\", \"unitPrice\" : \"Grundpreis: 9,99 \u20ac/kg\", \"compareAtPriceString\": \"\", \"priceString\": \"14,99 \u20ac\", \"compareAtPrice\": 0.0, \"price\": 14.99, \"sale\":false, \"percentage\":\"\", \"badge\": \"new\", \"url\": \"https://shop.plantura.garden/products/bio-hortensienduenger-1-5-kg\", \"available\": true, \"availabilityInfo\":\"\", \"campaignInfo\":\"duenger\",\"isSet\": false, \"priceLabel\": \"\", \"compareAtPriceLabel\": \"\",\"reviewsData\":{\"reviewCount\": 81, \"reviewAverageValue\": 4.8},\"image\": \"https://shop.plantura.garden/cdn/shop/files/bio-hortensienduenger-plantura_1476x.png?v=1691047131\",\"tags\": \"azalee,bauernhortensie,Blumen,category_d\u00fcnger,fertilizer,granulatd\u00fcnger,grow flowers,Hortensien,kletterhortensie,langzeitd\u00fcnger,moorbeetd\u00fcnger,pflanzend\u00fcnger,rhododendron,rispenhortensie,schneeballhortensie,teehortensie,vinasse\",\"bulletPoints\": [\"F\u00fcr prachtvolle \\u0026 \u00fcppig bl\u00fchende Hortensien in Topf und Beet\",\"Beugt typischen Mangelerscheinungen vor \\u0026 st\u00e4rkt die Pflanzen\",\"Tierfreier Bio-Langzeitd\u00fcnger - unbedenklich f\u00fcr Haus- \\u0026 Gartentiere\"],\"customImages\": {},\"variants\" : [ {\"sku\": \"9Z-6540-0J43\",\"available\": true, \"compareAtPriceString\": \"\", \"priceString\": \"14,99 \u20ac\", \"compareAtPrice\": 0.0, \"price\": 14.99, \"sale\":false, \"percentage\":\"\", \"priceCurrency\" : \"EUR\", \"url\" : \"https://shop.plantura.garden/products/bio-hortensienduenger-1-5-kg?variant=33327332032600\",\"isSet\":false}, {\"sku\": \"4X-Y4P1-B0VP\",\"available\": true, \"compareAtPriceString\": \"29,98 \u20ac\", \"priceString\": \"28,99 \u20ac\", \"compareAtPrice\": 29.98, \"price\": 28.99, \"sale\":true, \"percentage\":\"3%\", \"priceCurrency\" : \"EUR\", \"url\" : \"https://shop.plantura.garden/products/bio-hortensienduenger-1-5-kg?variant=33327332065368\",\"isSet\":true }, {\"sku\": \"2P-1RMF-4J4K\",\"available\": true, \"compareAtPriceString\": \"59,96 \u20ac\", \"priceString\": \"55,99 \u20ac\", \"compareAtPrice\": 59.96, \"price\": 55.99, \"sale\":true, \"percentage\":\"7%\", \"priceCurrency\" : \"EUR\", \"url\" : \"https://shop.plantura.garden/products/bio-hortensienduenger-1-5-kg?variant=33327332098136\",\"isSet\":true }, {\"sku\": \"IM-6AVW-HAGK\",\"available\": true, \"compareAtPriceString\": \"119,92 \u20ac\", \"priceString\": \"107,99 \u20ac\", \"compareAtPrice\": 119.92, \"price\": 107.99, \"sale\":true, \"percentage\":\"10%\", \"priceCurrency\" : \"EUR\", \"url\" : \"https://shop.plantura.garden/products/bio-hortensienduenger-1-5-kg?variant=33327332130904\",\"isSet\":true }], \"handle\" : \"bio-hortensienduenger-1-5-kg\"}, { \"name\": \"Bio-Johannisbeere \\u0026#39;Jonkheer van Tets\\u0026#39;\", \"unitPrice\" : \"\", \"compareAtPriceString\": \"\", \"priceString\": \"18,99 \u20ac\", \"compareAtPrice\": 0.0, \"price\": 18.99, \"sale\":false, \"percentage\":\"\", \"badge\": \"new\", \"url\": \"https://shop.plantura.garden/products/bio-johannisbeere-jonkheer-van-tets\", \"available\": true, \"availabilityInfo\":\"\", \"campaignInfo\":\"pflanzen-draussen\",\"isSet\": false, \"priceLabel\": \"\", \"compareAtPriceLabel\": \"\",\"reviewsData\":{\"reviewCount\": 15, \"reviewAverageValue\": 4.6},\"image\": \"https://shop.plantura.garden/cdn/shop/files/bio-rote-johannisbeere-jonkheer-van-tets_1476x.png?v=1691766223\", \"overlayImage\": \"https://shop.plantura.garden/cdn/shop/files/bio-siegel-overlay.png?v=1679900479\", \"overlayHidden\": false ,\"tags\": \"balcony,beefriendly,beeren,beerenobst,bio obst,birdfriendly,currant,fruit,johannisbeere,johannisbeerpflanze,johannisbeerstrauch,live plants,organic,outdoor,pflanzen,pot-discount,reiners,ribes sativum,ribisel\",\"bulletPoints\": [\"Sehr fr\u00fchreife \\u0026 beliebte Sorte mit einer \u00fcppigen Ernte ab Juni\",\"Dicht besetzte Trauben mit herrlich s\u00fc\u00df-s\u00e4uerlichen Johannisbeeren\",\"Selbstfruchtende \\u0026 pflegeleichte Rote Johannisbeere\"],\"variants\" : [ {\"sku\": \"OP-RIRU-0351\",\"available\": true, \"compareAtPriceString\": \"\", \"priceString\": \"18,99 \u20ac\", \"compareAtPrice\": 0.0, \"price\": 18.99, \"sale\":false, \"percentage\":\"\", \"priceCurrency\" : \"EUR\", \"url\" : \"https://shop.plantura.garden/products/bio-johannisbeere-jonkheer-van-tets?variant=44453510316298\",\"isSet\":false}], \"handle\" : \"bio-johannisbeere-jonkheer-van-tets\"}, { \"name\": \"Bio-Johannisbeere \\u0026#39;Jonkheer van Tets\\u0026#39; Hochstamm\", \"unitPrice\" : \"\", \"compareAtPriceString\": \"\", \"priceString\": \"26,99 \u20ac\", \"compareAtPrice\": 0.0, \"price\": 26.99, \"sale\":false, \"percentage\":\"\", \"badge\": \"new\", \"url\": \"https://shop.plantura.garden/products/bio-johannisbeere-jonkheer-van-tets-hochstamm\", \"available\": true, \"availabilityInfo\":\"\", \"campaignInfo\":\"pflanzen-draussen\",\"isSet\": false, \"priceLabel\": \"\", \"compareAtPriceLabel\": \"\",\"reviewsData\":{\"reviewCount\": 15, \"reviewAverageValue\": 4.6},\"image\": \"https://shop.plantura.garden/cdn/shop/files/bio-rote-johannisbeere-jonkheer-van-tets-hochstamm_1476x.png?v=1691766239\", \"overlayImage\": \"https://shop.plantura.garden/cdn/shop/files/bio-siegel-overlay.png?v=1679900479\", \"overlayHidden\": false ,\"tags\": \"balcony,beefriendly,beeren,beerenobst,bio obst,birdfriendly,currant,fruit,hochstamm,johannisbeere,johannisbeerpflanze,johannisbeerstrauch,live plants,organic,outdoor,pflanzen,pot-discount,reiners,ribes sativum,ribisel,st\u00e4mmchen\",\"bulletPoints\": [\"Wunderbar s\u00fc\u00df-s\u00e4uerliche Johannisbeere mit hohen Ertr\u00e4gen ab Juni\",\"Fr\u00fchreife \\u0026 pflegeleichte Sorte mit dicht besetzten Trauben\",\"Hochstamm: Perfekt f\u00fcr Terrasse, Balkon oder Beet\"],\"variants\" : [ {\"sku\": \"OP-RIRU-0352\",\"available\": true, \"compareAtPriceString\": \"\", \"priceString\": \"26,99 \u20ac\", \"compareAtPrice\": 0.0, \"price\": 26.99, \"sale\":false, \"percentage\":\"\", \"priceCurrency\" : \"EUR\", \"url\" : \"https://shop.plantura.garden/products/bio-johannisbeere-jonkheer-van-tets-hochstamm?variant=44591202369802\",\"isSet\":false}], \"handle\" : \"bio-johannisbeere-jonkheer-van-tets-hochstamm\"}, { \"name\": \"Bio-Johannisbeere \\u0026#39;Rovada\\u0026#39;\", \"unitPrice\" : \"\", \"compareAtPriceString\": \"\", \"priceString\": \"18,99 \u20ac\", \"compareAtPrice\": 0.0, \"price\": 18.99, \"sale\":false, \"percentage\":\"\", \"badge\": \"new\", \"url\": \"https://shop.plantura.garden/products/bio-johannisbeere-rovada\", \"available\": true, \"availabilityInfo\":\"\", \"campaignInfo\":\"pflanzen-draussen\",\"isSet\": false, \"priceLabel\": \"\", \"compareAtPriceLabel\": \"\",\"reviewsData\":{\"reviewCount\": 15, \"reviewAverageValue\": 4.6},\"image\": \"https://shop.plantura.garden/cdn/shop/files/bio-rote-johannisbeere-rovada_1476x.png?v=1692798891\", \"overlayImage\": \"https://shop.plantura.garden/cdn/shop/files/bio-siegel-overlay.png?v=1679900479\", \"overlayHidden\": false ,\"tags\": \"balcony,beefriendly,beeren,beerenobst,bio obst,birdfriendly,currant,fruit,johannisbeere,johannisbeerpflanze,johannisbeerstrauch,live plants,organic,outdoor,pflanzen,pot-discount,reiners,ribes sativum,ribisel\",\"bulletPoints\": [\"Sp\u00e4ttragende Sorte mit \u00fcppiger Ernte von Juli bis August\",\"K\u00f6stliche, rote Fr\u00fcchte mit festem Fruchtfleisch \u2013 perfekt zum Naschen\",\"Sehr gut winterhart \\u0026 ideal f\u00fcr Garten, Balkon oder Terrasse\"],\"variants\" : [ {\"sku\": \"OP-RIRU-0349\",\"available\": true, \"compareAtPriceString\": \"\", \"priceString\": \"18,99 \u20ac\", \"compareAtPrice\": 0.0, \"price\": 18.99, \"sale\":false, \"percentage\":\"\", \"priceCurrency\" : \"EUR\", \"url\" : \"https://shop.plantura.garden/products/bio-johannisbeere-rovada?variant=44453510054154\",\"isSet\":false}], \"handle\" : \"bio-johannisbeere-rovada\"}, { \"name\": \"Bio-Johannisbeere \\u0026#39;Rovada\\u0026#39; Hochstamm\", \"unitPrice\" : \"\", \"compareAtPriceString\": \"\", \"priceString\": \"26,99 \u20ac\", \"compareAtPrice\": 0.0, \"price\": 26.99, \"sale\":false, \"percentage\":\"\", \"badge\": \"new\", \"url\": \"https://shop.plantura.garden/products/bio-johannisbeere-rovada-hochstamm\", \"available\": true, \"availabilityInfo\":\"\", \"campaignInfo\":\"pflanzen-draussen\",\"isSet\": false, \"priceLabel\": \"\", \"compareAtPriceLabel\": \"\",\"reviewsData\":{\"reviewCount\": 15, \"reviewAverageValue\": 4.6},\"image\": \"https://shop.plantura.garden/cdn/shop/files/bio-rote-johannisbeere-rovada-hochstamm_1476x.png?v=1691766202\", \"overlayImage\": \"https://shop.plantura.garden/cdn/shop/files/bio-siegel-overlay.png?v=1679900479\", \"overlayHidden\": false ,\"tags\": \"balcony,beefriendly,beeren,beerenobst,bio obst,birdfriendly,currant,fruit,hochstamm,johannisbeere,johannisbeerpflanze,johannisbeerstrauch,live plants,organic,outdoor,pflanzen,pot-discount,reiners,ribes sativum,ribisel,st\u00e4mmchen\",\"bulletPoints\": [\"Reiche Ernte von Juli bis August \u2013 sehr winterhart \\u0026 sp\u00e4ttragend\",\"Feste, rote Fr\u00fcchte \u2013 leckerer Genuss direkt vom Strauch\",\"Hochstamm: Perfekt f\u00fcr Terrasse, Balkon oder Beet\"],\"variants\" : [ {\"sku\": \"OP-RIRU-0350\",\"available\": true, \"compareAtPriceString\": \"\", \"priceString\": \"26,99 \u20ac\", \"compareAtPrice\": 0.0, \"price\": 26.99, \"sale\":false, \"percentage\":\"\", \"priceCurrency\" : \"EUR\", \"url\" : \"https://shop.plantura.garden/products/bio-johannisbeere-rovada-hochstamm?variant=44591202238730\",\"isSet\":false}], \"handle\" : \"bio-johannisbeere-rovada-hochstamm\"}, { \"name\": \"Bio-Johannisbeere \\u0026#39;Wei\u00dfe Versailler\\u0026#39;\", \"unitPrice\" : \"\", \"compareAtPriceString\": \"\", \"priceString\": \"18,99 \u20ac\", \"compareAtPrice\": 0.0, \"price\": 18.99, \"sale\":false, \"percentage\":\"\", \"badge\": \"new\", \"url\": \"https://shop.plantura.garden/products/bio-johannisbeere-weisse-versailler\", \"available\": true, \"availabilityInfo\":\"\", \"campaignInfo\":\"pflanzen-draussen\",\"isSet\": false, \"priceLabel\": \"\", \"compareAtPriceLabel\": \"\",\"reviewsData\":{\"reviewCount\": 15, \"reviewAverageValue\": 4.6},\"image\": \"https://shop.plantura.garden/cdn/shop/files/bio-johannisbeere-weisse-versailler_1476x.png?v=1692889391\", \"overlayImage\": \"https://shop.plantura.garden/cdn/shop/files/bio-siegel-overlay.png?v=1679900479\", \"overlayHidden\": false ,\"tags\": \"balcony,beefriendly,beeren,beerenobst,bio obst,birdfriendly,currant,fruit,johannisbeere,johannisbeerpflanze,johannisbeerstrauch,live plants,organic,outdoor,pflanzen,pot-discount,reiners,ribes sativum,ribisel\",\"bulletPoints\": [\"Gesunde Sorte mit angenehm s\u00fc\u00df-s\u00e4uerlichen Fr\u00fcchten ab Juli\",\"Helle, fast transparente Johannisbeeren mit cremefarbenem Fruchtfleisch\",\"Selbstfruchtend \u2013 ideal f\u00fcr Beet, Balkon \\u0026 Terrasse\"],\"variants\" : [ {\"sku\": \"OP-RISA-0344\",\"available\": true, \"compareAtPriceString\": \"\", \"priceString\": \"18,99 \u20ac\", \"compareAtPrice\": 0.0, \"price\": 18.99, \"sale\":false, \"percentage\":\"\", \"priceCurrency\" : \"EUR\", \"url\" : \"https://shop.plantura.garden/products/bio-johannisbeere-weisse-versailler?variant=44453510512906\",\"isSet\":false}], \"handle\" : \"bio-johannisbeere-weisse-versailler\"}, { \"name\": \"Bio-Johannisbeere \\u0026#39;Wei\u00dfe Versailler\\u0026#39; Hochstamm\", \"unitPrice\" : \"\", \"compareAtPriceString\": \"\", \"priceString\": \"26,99 \u20ac\", \"compareAtPrice\": 0.0, \"price\": 26.99, \"sale\":false, \"percentage\":\"\", \"badge\": \"new\", \"url\": \"https://shop.plantura.garden/products/bio-johannisbeere-weisse-versailler-hochstamm\", \"available\": true, \"availabilityInfo\":\"\", \"campaignInfo\":\"pflanzen-draussen\",\"isSet\": false, \"priceLabel\": \"\", \"compareAtPriceLabel\": \"\",\"reviewsData\":{\"reviewCount\": 15, \"reviewAverageValue\": 4.6},\"image\": \"https://shop.plantura.garden/cdn/shop/files/bio-johannisbeere-weisse-versailler-hochstamm_1476x.png?v=1691766271\", \"overlayImage\": \"https://shop.plantura.garden/cdn/shop/files/bio-siegel-overlay.png?v=1679900479\", \"overlayHidden\": false ,\"tags\": \"balcony,beefriendly,beeren,beerenobst,bio obst,birdfriendly,currant,fruit,hochstamm,johannisbeere,johannisbeerpflanze,johannisbeerstrauch,live plants,organic,outdoor,pflanzen,pot-discount,reiners,ribes sativum,ribisel,st\u00e4mmchen\",\"bulletPoints\": [\"Leckere, s\u00e4uerliche Fr\u00fcchte mit angenehmer S\u00fc\u00dfe ab Juli\",\"Wei\u00dfe Johannisbeeren mit cremefarbenem Fruchtfleisch\",\"Hochstamm \u2013 perfekt f\u00fcr Balkon, Terrasse oder das Beet\"],\"variants\" : [ {\"sku\": \"OP-RISA-0364\",\"available\": true, \"compareAtPriceString\": \"\", \"priceString\": \"26,99 \u20ac\", \"compareAtPrice\": 0.0, \"price\": 26.99, \"sale\":false, \"percentage\":\"\", \"priceCurrency\" : \"EUR\", \"url\" : \"https://shop.plantura.garden/products/bio-johannisbeere-weisse-versailler-hochstamm?variant=44591202763018\",\"isSet\":false}], \"handle\" : \"bio-johannisbeere-weisse-versailler-hochstamm\"}, { \"name\": \"Bio-Kirschbaum \\u0026#39;Aida\\u0026#39;\", \"unitPrice\" : \"\", \"compareAtPriceString\": \"\", \"priceString\": \"59,99 \u20ac\", \"compareAtPrice\": 0.0, \"price\": 59.99, \"sale\":false, \"percentage\":\"\", \"badge\": \"new\", \"url\": \"https://shop.plantura.garden/products/bio-kirschbaum-aida\", \"available\": false, \"availabilityInfo\":\"Verf\u00fcgbar ab Fr\u00fchjahr 2024\", \"campaignInfo\":\"pflanzen-draussen\",\"isSet\": false, \"priceLabel\": \"\", \"compareAtPriceLabel\": \"\",\"reviewsData\":{\"reviewCount\": 1, \"reviewAverageValue\": 5.0},\"image\": \"https://shop.plantura.garden/cdn/shop/files/bio-kirschbaum-aida_1476x.png?v=1691765528\", \"overlayImage\": \"https://shop.plantura.garden/cdn/shop/files/bio-siegel-overlay.png?v=1679900479\", \"overlayHidden\": false ,\"tags\": \"beefriendly,bio obst,birdfriendly,cherry blossom,cherrytree,fruit,kirschbaum,kirsche,live plants,obstbaum,organic,outdoor,pflanzen,pot-discount,prunus avium,reiners,s\u00fc\u00dfkirsche\",\"bulletPoints\": [\"Langes Erntefenster von Juni bis Juli \u2013 ideal f\u00fcr den Naschgarten\\n\",\"Sehr gro\u00dfe Fr\u00fcchte mit dunkel gl\u00e4nzender Schale \\u0026 festem Fruchtfleisch\",\"Auffallend gesunde Sorte mit sehr guter Winterh\u00e4rte\"],\"variants\" : [ {\"sku\": \"OP-PRAV-0328\",\"available\": false, \"compareAtPriceString\": \"\", \"priceString\": \"59,99 \u20ac\", \"compareAtPrice\": 0.0, \"price\": 59.99, \"sale\":false, \"percentage\":\"\", \"priceCurrency\" : \"EUR\", \"url\" : \"https://shop.plantura.garden/products/bio-kirschbaum-aida?variant=44453502943498\",\"isSet\":false}], \"handle\" : \"bio-kirschbaum-aida\"}, { \"name\": \"Bio-Kirschbaum \\u0026#39;B\u00fcttners Rote Knorpelkirsche\\u0026#39;\", \"unitPrice\" : \"\", \"compareAtPriceString\": \"\", \"priceString\": \"39,99 \u20ac\", \"compareAtPrice\": 0.0, \"price\": 39.99, \"sale\":false, \"percentage\":\"\", \"badge\": \"new\", \"url\": \"https://shop.plantura.garden/products/bio-kirschbaum-buettners-rote-knorpelkirsche\", \"available\": false, \"availabilityInfo\":\"Verf\u00fcgbar ab Fr\u00fchjahr 2024\", \"campaignInfo\":\"pflanzen-draussen\",\"isSet\": false, \"priceLabel\": \"\", \"compareAtPriceLabel\": \"\",\"reviewsData\":{\"reviewCount\": 0, \"reviewAverageValue\": 0.0},\"image\": \"https://shop.plantura.garden/cdn/shop/files/bio-kirschbaum-buettners-rote-knorpelkirsche_1476x.png?v=1691765462\", \"overlayImage\": \"https://shop.plantura.garden/cdn/shop/files/bio-siegel-overlay.png?v=1679900479\", \"overlayHidden\": false ,\"tags\": \"beefriendly,bio obst,birdfriendly,cherry blossom,cherrytree,fruit,kirschbaum,kirsche,live plants,obstbaum,organic,outdoor,pflanzen,pot-discount,prunus avium,reiners,s\u00fc\u00dfkirsche\",\"bulletPoints\": [\"Angenehm s\u00fc\u00dfer \\u0026 w\u00fcrziger Geschmack\",\"Mittelgro\u00dfe Fr\u00fcchte mit mittelfestem Fruchtfleisch\",\"Robuste, gesunde \\u0026 ertragreiche S\u00fc\u00dfkirschsorte\"],\"variants\" : [ {\"sku\": \"OP-PRAV-0323\",\"available\": false, \"compareAtPriceString\": \"\", \"priceString\": \"39,99 \u20ac\", \"compareAtPrice\": 0.0, \"price\": 39.99, \"sale\":false, \"percentage\":\"\", \"priceCurrency\" : \"EUR\", \"url\" : \"https://shop.plantura.garden/products/bio-kirschbaum-buettners-rote-knorpelkirsche?variant=44453501436170\",\"isSet\":false}], \"handle\" : \"bio-kirschbaum-buettners-rote-knorpelkirsche\"}, { \"name\": \"Bio-Kirschbaum \\u0026#39;D\u00f6nissens Gelbe Knorpelkirsche\\u0026#39;\", \"unitPrice\" : \"\", \"compareAtPriceString\": \"\", \"priceString\": \"39,99 \u20ac\", \"compareAtPrice\": 0.0, \"price\": 39.99, \"sale\":false, \"percentage\":\"\", \"badge\": \"new\", \"url\": \"https://shop.plantura.garden/products/bio-kirschbaum-doenissens-gelbe-knorpelkirsche\", \"available\": false, \"availabilityInfo\":\"Verf\u00fcgbar ab Fr\u00fchjahr 2024\", \"campaignInfo\":\"pflanzen-draussen\",\"isSet\": false, \"priceLabel\": \"\", \"compareAtPriceLabel\": \"\",\"reviewsData\":{\"reviewCount\": 0, \"reviewAverageValue\": 0.0},\"image\": \"https://shop.plantura.garden/cdn/shop/files/bio-kirschbaum-doenissens-gelbe-knorpelkirsche_1476x.png?v=1691765515\", \"overlayImage\": \"https://shop.plantura.garden/cdn/shop/files/bio-siegel-overlay.png?v=1679900479\", \"overlayHidden\": false ,\"tags\": \"beefriendly,bio obst,birdfriendly,cherry blossom,cherrytree,fruit,kirschbaum,kirsche,live plants,obstbaum,organic,outdoor,pflanzen,pot-discount,prunus avium,reiners,s\u00fc\u00dfkirsche\",\"bulletPoints\": [\"Sehr s\u00fc\u00df mit angenehmer, leichter S\u00e4ure\",\"Einzigartig gelbe, mittelgro\u00dfe \\u0026 saftige Fr\u00fcchte mit festem Fruchtfleisch\",\"Regelm\u00e4\u00dfige \\u0026 hohe Ertr\u00e4ge\"],\"variants\" : [ {\"sku\": \"OP-PRAV-0327\",\"available\": false, \"compareAtPriceString\": \"\", \"priceString\": \"39,99 \u20ac\", \"compareAtPrice\": 0.0, \"price\": 39.99, \"sale\":false, \"percentage\":\"\", \"priceCurrency\" : \"EUR\", \"url\" : \"https://shop.plantura.garden/products/bio-kirschbaum-doenissens-gelbe-knorpelkirsche?variant=44453502157066\",\"isSet\":false}], \"handle\" : \"bio-kirschbaum-doenissens-gelbe-knorpelkirsche\"}, { \"name\": \"Bio-Kirschbaum \\u0026#39;Erika\\u0026#39;\", \"unitPrice\" : \"\", \"compareAtPriceString\": \"\", \"priceString\": \"39,99 \u20ac\", \"compareAtPrice\": 0.0, \"price\": 39.99, \"sale\":false, \"percentage\":\"\", \"badge\": \"new\", \"url\": \"https://shop.plantura.garden/products/bio-kirschbaum-erika\", \"available\": false, \"availabilityInfo\":\"Verf\u00fcgbar ab Fr\u00fchjahr 2024\", \"campaignInfo\":\"pflanzen-draussen\",\"isSet\": false, \"priceLabel\": \"\", \"compareAtPriceLabel\": \"\",\"reviewsData\":{\"reviewCount\": 2, \"reviewAverageValue\": 5.0},\"image\": \"https://shop.plantura.garden/cdn/shop/files/bio-kirschbaum-erika_1476x.png?v=1692798515\", \"overlayImage\": \"https://shop.plantura.garden/cdn/shop/files/bio-siegel-overlay.png?v=1679900479\", \"overlayHidden\": false ,\"tags\": \"beefriendly,bio obst,birdfriendly,cherry blossom,cherrytree,fruit,kirschbaum,kirsche,live plants,obstbaum,organic,outdoor,pflanzen,pot-discount,prunus avium,reiners,s\u00fc\u00dfkirsche\",\"bulletPoints\": [\"S\u00fc\u00df-w\u00fcrziges Kirscharoma mit feiner S\u00e4ure\",\"Mittelgro\u00dfe Herzkirschen mit mittelfestem, saftigem Fruchtfleisch\",\"Robust, gesund \\u0026 regelm\u00e4\u00dfige Ertr\u00e4ge\"],\"variants\" : [ {\"sku\": \"OP-PRAV-0325\",\"available\": false, \"compareAtPriceString\": \"\", \"priceString\": \"39,99 \u20ac\", \"compareAtPrice\": 0.0, \"price\": 39.99, \"sale\":false, \"percentage\":\"\", \"priceCurrency\" : \"EUR\", \"url\" : \"https://shop.plantura.garden/products/bio-kirschbaum-erika?variant=44453501894922\",\"isSet\":false}, {\"sku\": \"OP-PRAV-0326\",\"available\": false, \"compareAtPriceString\": \"\", \"priceString\": \"59,99 \u20ac\", \"compareAtPrice\": 0.0, \"price\": 59.99, \"sale\":false, \"percentage\":\"\", \"priceCurrency\" : \"EUR\", \"url\" : \"https://shop.plantura.garden/products/bio-kirschbaum-erika?variant=44453501927690\",\"isSet\":false}], \"handle\" : \"bio-kirschbaum-erika\"}, { \"name\": \"Bio-Kirschbaum \\u0026#39;Gro\u00dfe Schwarze Knorpelkirsche\\u0026#39;\", \"unitPrice\" : \"\", \"compareAtPriceString\": \"\", \"priceString\": \"39,99 \u20ac\", \"compareAtPrice\": 0.0, \"price\": 39.99, \"sale\":false, \"percentage\":\"\", \"badge\": \"new\", \"url\": \"https://shop.plantura.garden/products/bio-kirschbaum-grosse-schwarze-knorpelkirsche\", \"available\": false, \"availabilityInfo\":\"Verf\u00fcgbar ab Fr\u00fchjahr 2024\", \"campaignInfo\":\"pflanzen-draussen\",\"isSet\": false, \"priceLabel\": \"\", \"compareAtPriceLabel\": \"\",\"reviewsData\":{\"reviewCount\": 1, \"reviewAverageValue\": 5.0},\"image\": \"https://shop.plantura.garden/cdn/shop/files/bio-kirschbaum-grosse-schwarze-knorpelkirsche_1476x.png?v=1692798496\", \"overlayImage\": \"https://shop.plantura.garden/cdn/shop/files/bio-siegel-overlay.png?v=1679900479\", \"overlayHidden\": false ,\"tags\": \"beefriendly,bio obst,birdfriendly,cherry blossom,cherrytree,fruit,kirschbaum,kirsche,live plants,obstbaum,organic,outdoor,pflanzen,pot-discount,prunus avium,reiners,s\u00fc\u00dfkirsche\",\"bulletPoints\": [\"Aromatischer, s\u00fc\u00df-w\u00fcrziger Geschmack\",\"Mittelgro\u00dfe Fr\u00fcchte mit festem Fruchtfleisch\",\"Gesund, robust \\u0026 geringe Standortanspr\u00fcche\"],\"variants\" : [ {\"sku\": \"OP-PRAV-0324\",\"available\": false, \"compareAtPriceString\": \"\", \"priceString\": \"39,99 \u20ac\", \"compareAtPrice\": 0.0, \"price\": 39.99, \"sale\":false, \"percentage\":\"\", \"priceCurrency\" : \"EUR\", \"url\" : \"https://shop.plantura.garden/products/bio-kirschbaum-grosse-schwarze-knorpelkirsche?variant=44453501763850\",\"isSet\":false}], \"handle\" : \"bio-kirschbaum-grosse-schwarze-knorpelkirsche\"}, { \"name\": \"Bio-Komposterde 62,5 L\", \"unitPrice\" : \"Grundpreis: 0,40 \u20ac/l\", \"compareAtPriceString\": \"\", \"priceString\": \"24,99 \u20ac\", \"compareAtPrice\": 0.0, \"price\": 24.99, \"sale\":false, \"percentage\":\"\", \"badge\": \"new\", \"url\": \"https://shop.plantura.garden/products/bio-komposterde-62-5-l\", \"available\": true, \"availabilityInfo\":\"\", \"campaignInfo\":\"erden\",\"isSet\": false, \"priceLabel\": \"\", \"compareAtPriceLabel\": \"\",\"reviewsData\":{\"reviewCount\": 43, \"reviewAverageValue\": 4.8},\"image\": \"https://shop.plantura.garden/cdn/shop/files/bio-komposterde-plantura_709x.png?v=1683104065\",\"tags\": \"aubergine,Blumen,B\u00e4ume & Str\u00e4ucher,category_erde,chili,Gem\u00fcse,grow fruit,grow vegetables,gurke,hochbeet,hochbeeterde,kartoffel,k\u00fcrbis,pflanzerde,soils sand chalk & mulch,sonnenblume,substrat,tomate,zucchini\",\"bulletPoints\": [\"Ideal f\u00fcr alle Zier- \\u0026 Nutzpflanzen mit einem hohen N\u00e4hrstoffbedarf \\u0026 f\u00fcr\u2019s Hochbeet\",\"F\u00fcr eine verbesserte Bodenqualit\u00e4t \\u0026 ein gesundes Wurzelwachstum\",\"Torffrei \\u0026 klimafreundlich: CO\\u003csub\\u003e2\\u003c\\/sub\\u003e-reduzierte Bio-Erde hergestellt in Deutschland\"],\"variants\" : [ {\"sku\": \"KO-9U5N-E60L\",\"available\": true, \"compareAtPriceString\": \"\", \"priceString\": \"24,99 \u20ac\", \"compareAtPrice\": 0.0, \"price\": 24.99, \"sale\":false, \"percentage\":\"\", \"priceCurrency\" : \"EUR\", \"url\" : \"https://shop.plantura.garden/products/bio-komposterde-62-5-l?variant=44533381529866\",\"isSet\":false}, {\"sku\": \"KO-2XKE-E60L\",\"available\": true, \"compareAtPriceString\": \"49,98 \u20ac\", \"priceString\": \"44,99 \u20ac\", \"compareAtPrice\": 49.98, \"price\": 44.99, \"sale\":true, \"percentage\":\"10%\", \"priceCurrency\" : \"EUR\", \"url\" : \"https://shop.plantura.garden/products/bio-komposterde-62-5-l?variant=44533383299338\",\"isSet\":true }, {\"sku\": \"KO-4XKE-E60L\",\"available\": true, \"compareAtPriceString\": \"99,96 \u20ac\", \"priceString\": \"84,99 \u20ac\", \"compareAtPrice\": 99.96, \"price\": 84.99, \"sale\":true, \"percentage\":\"15%\", \"priceCurrency\" : \"EUR\", \"url\" : \"https://shop.plantura.garden/products/bio-komposterde-62-5-l?variant=44533383627018\",\"isSet\":true }], \"handle\" : \"bio-komposterde-62-5-l\"}, { \"name\": \"Bio-Komposterde Palette 42 x 62,5 L\", \"unitPrice\" : \"Grundpreis: 0,27 \u20ac/l\", \"compareAtPriceString\": \"1.049,58 \u20ac\", \"priceString\": \"699,99 \u20ac\", \"compareAtPrice\": 1049.58, \"price\": 699.99, \"sale\":false, \"percentage\":\"33%\", \"badge\": \"new\", \"url\": \"https://shop.plantura.garden/products/palette-bio-komposterde-62-5-l\", \"available\": true, \"availabilityInfo\":\"\", \"campaignInfo\":\"erden\",\"isSet\": true, \"priceLabel\": \"Im Set\", \"compareAtPriceLabel\": \"Einzeln\",\"reviewsData\":{\"reviewCount\": 1, \"reviewAverageValue\": 5.0},\"image\": \"https://shop.plantura.garden/cdn/shop/files/bio-komposterde-palette-plantura_709x.png?v=1691051781\",\"tags\": \"Blumen,B\u00e4ume & Str\u00e4ucher,category_erde,Gem\u00fcse,grow fruit,grow vegetables,soils sand chalk & mulch\",\"variants\" : [ {\"sku\": \"EP-42KE-E60L\",\"available\": true, \"compareAtPriceString\": \"1.049,58 \u20ac\", \"priceString\": \"699,99 \u20ac\", \"compareAtPrice\": 1049.58, \"price\": 699.99, \"sale\":true, \"percentage\":\"33%\", \"priceCurrency\" : \"EUR\", \"url\" : \"https://shop.plantura.garden/products/palette-bio-komposterde-62-5-l?variant=44533391327498\",\"isSet\":true }], \"handle\" : \"palette-bio-komposterde-62-5-l\"}, { \"name\": \"Bio-Kr\u00e4uter Samen-Set mit 10 Sorten\", \"unitPrice\" : \"\", \"compareAtPriceString\": \"\", \"priceString\": \"9,99 \u20ac\", \"compareAtPrice\": 0.0, \"price\": 9.99, \"sale\":false, \"percentage\":\"\", \"badge\": \"new\", \"url\": \"https://shop.plantura.garden/products/bio-kraeuter-samen-set\", \"available\": true, \"availabilityInfo\":\"\", \"campaignInfo\":\"saatgut\",\"isSet\": false, \"priceLabel\": \"\", \"compareAtPriceLabel\": \"\",\"reviewsData\":{\"reviewCount\": 28, \"reviewAverageValue\": 4.7},\"image\": \"https://shop.plantura.garden/cdn/shop/files/plantura-bio-kraeuter-samen-set_1476x.png?v=1691138993\", \"overlayImage\": \"https://shop.plantura.garden/cdn/shop/files/bio-siegel-overlay.png?v=1679900479\", \"overlayHidden\": false ,\"tags\": \"aussaat,balkon,basilikum,category_saatgut,deutscher winter,dill,genoveser,geschenk,gigante d'italia,green-week-22,greenweek-geschenkideen,grow herbs,kinder,koriander,kr\u00e4uter anzucht,kr\u00e4uterschnecke,majoran,minze,nelly,petersilie,pfefferminze,rosmarin,saat,saatgut,samen,Samen- & Anzucht-Sets (Geschenkideen),Samen-Sets (Saatgut),schnittlauch,seed sets,thymian,zitronenmelisse\",\"bulletPoints\": [\"10 aromatische Sorten im Set - inklusive kostenlosem Online-Kurs zur Anzucht\",\"Samenfestes und keimstarkes Bio-Saatgut f\u00fcr Garten, Balkon \\u0026 Fensterbank\",\"Nachhaltige Geschenkidee mit liebevoll illustrierter Verpackung\"],\"variants\" : [ {\"sku\": \"SS-PKSS-10ST\",\"available\": true, \"compareAtPriceString\": \"\", \"priceString\": \"9,99 \u20ac\", \"compareAtPrice\": 0.0, \"price\": 9.99, \"sale\":false, \"percentage\":\"\", \"priceCurrency\" : \"EUR\", \"url\" : \"https://shop.plantura.garden/products/bio-kraeuter-samen-set?variant=39914964025432\",\"isSet\":false}], \"handle\" : \"bio-kraeuter-samen-set\"}, { \"name\": \"Bio-Kr\u00e4uter- \\u0026amp; Aussaaterde 20 L\", \"unitPrice\" : \"Grundpreis: 0,65 \u20ac/l\", \"compareAtPriceString\": \"\", \"priceString\": \"12,99 \u20ac\", \"compareAtPrice\": 0.0, \"price\": 12.99, \"sale\":false, \"percentage\":\"\", \"badge\": \"new\", \"url\": \"https://shop.plantura.garden/products/bio-kraeuter-und-aussaaterde-20-l\", \"available\": true, \"availabilityInfo\":\"\", \"campaignInfo\":\"erden\",\"isSet\": false, \"priceLabel\": \"\", \"compareAtPriceLabel\": \"\",\"reviewsData\":{\"reviewCount\": 116, \"reviewAverageValue\": 4.9},\"image\": \"https://shop.plantura.garden/cdn/shop/files/bio-kraeuter-und-aussaaterde-plantura_1476x.png?v=1691047868\",\"tags\": \"anzuchterde,Aussaat & Kr\u00e4uter,category_erde,grow herbs,grow houseplants,kokos,kompost,Kr\u00e4uter,kr\u00e4utererde,lavendel,oregano,perlite,pflanzenerde,pflanzerde,rosmarin,salbei,soils sand chalk & mulch,steckling,substrat,thymian,vermehrung\",\"bulletPoints\": [\"Ideal f\u00fcr Kr\u00e4uter sowie zur Aussaat, Stecklingsvermehrung \\u0026 zum Pikieren\",\"Sorgt f\u00fcr aromatische Kr\u00e4uter \\u0026 kr\u00e4ftige Jungpflanzen mit starken Wurzeln\",\"Torffrei \\u0026 klimafreundlich: CO\\u003csub\\u003e2\\u003c\\/sub\\u003e-reduzierte Bio-Erde hergestellt in Deutschland\"],\"variants\" : [ {\"sku\": \"PL-IFVZ-UGMV\",\"available\": true, \"compareAtPriceString\": \"\", \"priceString\": \"12,99 \u20ac\", \"compareAtPrice\": 0.0, \"price\": 12.99, \"sale\":false, \"percentage\":\"\", \"priceCurrency\" : \"EUR\", \"url\" : \"https://shop.plantura.garden/products/bio-kraeuter-und-aussaaterde-20-l?variant=33327427256408\",\"isSet\":false}, {\"sku\": \"K2-LJA5-977L\",\"available\": true, \"compareAtPriceString\": \"25,98 \u20ac\", \"priceString\": \"24,99 \u20ac\", \"compareAtPrice\": 25.98, \"price\": 24.99, \"sale\":true, \"percentage\":\"4%\", \"priceCurrency\" : \"EUR\", \"url\" : \"https://shop.plantura.garden/products/bio-kraeuter-und-aussaaterde-20-l?variant=33327427289176\",\"isSet\":true }, {\"sku\": \"E0-3EFP-JY6Y\",\"available\": true, \"compareAtPriceString\": \"51,96 \u20ac\", \"priceString\": \"47,99 \u20ac\", \"compareAtPrice\": 51.96, \"price\": 47.99, \"sale\":true, \"percentage\":\"8%\", \"priceCurrency\" : \"EUR\", \"url\" : \"https://shop.plantura.garden/products/bio-kraeuter-und-aussaaterde-20-l?variant=33327427321944\",\"isSet\":true }], \"handle\" : \"bio-kraeuter-und-aussaaterde-20-l\"}, { \"name\": \"Bio-Kr\u00e4uter- \\u0026amp; Aussaaterde Palette 126 x 20 L\", \"unitPrice\" : \"Grundpreis: 0,30 \u20ac/l\", \"compareAtPriceString\": \"1.636,74 \u20ac\", \"priceString\": \"749,99 \u20ac\", \"compareAtPrice\": 1636.74, \"price\": 749.99, \"sale\":false, \"percentage\":\"54%\", \"badge\": \"new\", \"url\": \"https://shop.plantura.garden/products/palette-bio-krauter-aussaaterde-20-l\", \"available\": true, \"availabilityInfo\":\"\", \"campaignInfo\":\"erden\",\"isSet\": true, \"priceLabel\": \"Im Set\", \"compareAtPriceLabel\": \"Einzeln\",\"reviewsData\":{\"reviewCount\": 0, \"reviewAverageValue\": 0.0},\"image\": \"https://shop.plantura.garden/cdn/shop/files/bio-kraeuter-und-aussaaterde-palette-plantura_1476x.png?v=1691395395\",\"tags\": \"Aussaat & Kr\u00e4uter,category_erde,grow herbs,grow houseplants,soils sand chalk & mulch\",\"variants\" : [ {\"sku\": \"EP-IFVZ-K126\",\"available\": true, \"compareAtPriceString\": \"1.636,74 \u20ac\", \"priceString\": \"749,99 \u20ac\", \"compareAtPrice\": 1636.74, \"price\": 749.99, \"sale\":true, \"percentage\":\"54%\", \"priceCurrency\" : \"EUR\", \"url\" : \"https://shop.plantura.garden/products/palette-bio-krauter-aussaaterde-20-l?variant=39472740008024\",\"isSet\":true }], \"handle\" : \"palette-bio-krauter-aussaaterde-20-l\"}, { \"name\": \"Bio-Mirabellenbaum \\u0026#39;Bellamira\\u0026#39;\", \"unitPrice\" : \"\", \"compareAtPriceString\": \"\", \"priceString\": \"59,99 \u20ac\", \"compareAtPrice\": 0.0, \"price\": 59.99, \"sale\":false, \"percentage\":\"\", \"badge\": \"new\", \"url\": \"https://shop.plantura.garden/products/bio-mirabellenbaum-bellamira\", \"available\": false, \"availabilityInfo\":\"Verf\u00fcgbar ab Fr\u00fchjahr 2024\", \"campaignInfo\":\"pflanzen-draussen\",\"isSet\": false, \"priceLabel\": \"\", \"compareAtPriceLabel\": \"\",\"reviewsData\":{\"reviewCount\": 1, \"reviewAverageValue\": 5.0},\"image\": \"https://shop.plantura.garden/cdn/shop/files/bio-mirabellenbaum-bellamira_1476x.png?v=1691765714\", \"overlayImage\": \"https://shop.plantura.garden/cdn/shop/files/bio-siegel-overlay.png?v=1679900479\", \"overlayHidden\": false ,\"tags\": \"beefriendly,bio obst,birdfriendly,fruit,gelbe zwetschge,kriecherl,live plants,mirabelle,mirabellenbaum,obstbaum,organic,outdoor,pflanzen,pot-discount,prunus domestica syrica,reiners\",\"bulletPoints\": [\"Unkomplizierte Mirabellensorte \u2013 ideal f\u00fcr den Naschgarten\",\"Goldgelbe, saftige Fr\u00fcchte mit herrlich s\u00fc\u00dfem Geschmack\",\"Widerstandsf\u00e4hig gegen\u00fcber typischen Krankheiten \\u0026 sehr winterhart\"],\"variants\" : [ {\"sku\": \"OP-PRDO-0332\",\"available\": false, \"compareAtPriceString\": \"\", \"priceString\": \"59,99 \u20ac\", \"compareAtPrice\": 0.0, \"price\": 59.99, \"sale\":false, \"percentage\":\"\", \"priceCurrency\" : \"EUR\", \"url\" : \"https://shop.plantura.garden/products/bio-mirabellenbaum-bellamira?variant=44453504450826\",\"isSet\":false}], \"handle\" : \"bio-mirabellenbaum-bellamira\"}, { \"name\": \"Bio-Mirabellenbaum \\u0026#39;Von Nancy\\u0026#39;\", \"unitPrice\" : \"\", \"compareAtPriceString\": \"\", \"priceString\": \"39,99 \u20ac\", \"compareAtPrice\": 0.0, \"price\": 39.99, \"sale\":false, \"percentage\":\"\", \"badge\": \"new\", \"url\": \"https://shop.plantura.garden/products/bio-mirabellenbaum-von-nancy\", \"available\": false, \"availabilityInfo\":\"Verf\u00fcgbar ab Fr\u00fchjahr 2024\", \"campaignInfo\":\"pflanzen-draussen\",\"isSet\": false, \"priceLabel\": \"\", \"compareAtPriceLabel\": \"\",\"reviewsData\":{\"reviewCount\": 2, \"reviewAverageValue\": 5.0},\"image\": \"https://shop.plantura.garden/cdn/shop/files/bio-mirabellenbaum-von-nancy_1476x.png?v=1691765695\", \"overlayImage\": \"https://shop.plantura.garden/cdn/shop/files/bio-siegel-overlay.png?v=1679900479\", \"overlayHidden\": false ,\"tags\": \"beefriendly,bio obst,birdfriendly,fruit,gelbe zwetschge,kriecherl,live plants,mirabelle,mirabellenbaum,obstbaum,organic,outdoor,pflanzen,pot-discount,prunus domestica syrica,reiners\",\"bulletPoints\": [\"Bew\u00e4hrte \\u0026 historische Sorte mit zahlreichen s\u00fc\u00dfen Mirabellen\",\"Kugelrunde Fr\u00fcchte mit gelber Schale \\u0026 saftigem Fruchtfleisch\",\"Selbstfruchtend \\u0026 ein sehr guter Pollenspender f\u00fcr Insekten\"],\"variants\" : [ {\"sku\": \"OP-PRDO-0331\",\"available\": false, \"compareAtPriceString\": \"\", \"priceString\": \"39,99 \u20ac\", \"compareAtPrice\": 0.0, \"price\": 39.99, \"sale\":false, \"percentage\":\"\", \"priceCurrency\" : \"EUR\", \"url\" : \"https://shop.plantura.garden/products/bio-mirabellenbaum-von-nancy?variant=44453504385290\",\"isSet\":false}], \"handle\" : \"bio-mirabellenbaum-von-nancy\"}, { \"name\": \"Bio-Nashi-Birnbaum \\u0026#39;Kosui\\u0026#39;\", \"unitPrice\" : \"\", \"compareAtPriceString\": \"\", \"priceString\": \"39,99 \u20ac\", \"compareAtPrice\": 0.0, \"price\": 39.99, \"sale\":false, \"percentage\":\"\", \"badge\": \"new\", \"url\": \"https://shop.plantura.garden/products/bio-nashi-birnbaum-kosui\", \"available\": false, \"availabilityInfo\":\"Verf\u00fcgbar ab Fr\u00fchjahr 2024\", \"campaignInfo\":\"pflanzen-draussen\",\"isSet\": false, \"priceLabel\": \"\", \"compareAtPriceLabel\": \"\",\"reviewsData\":{\"reviewCount\": 6, \"reviewAverageValue\": 4.8},\"image\": \"https://shop.plantura.garden/cdn/shop/files/bio-nashi-birnbaum-kosui_1575x.png?v=1691765878\", \"overlayImage\": \"https://shop.plantura.garden/cdn/shop/files/bio-siegel-overlay.png?v=1679900479\", \"overlayHidden\": false ,\"tags\": \"apfelbirne,asiatische birne,bapfel,beefriendly,bio obst,birdfriendly,birpfel,chinesische birne,fruit,japanische birne,koreanische birne,kumoi,live plants,nashi,nashi birnbaum,nashi birnenbaum,nashibirne,obstbaum,organic,outdoor,pflanzen,pot-discount,pyrus pyraster,reiners\",\"bulletPoints\": [\"Sehr ertragreiche \\u0026 exotische Alternative zum klassischen Birnbaum\",\"Bronzefarbene Fr\u00fcchte mit saftigem, s\u00fc\u00df-s\u00e4uerlichem Fruchtfleisch\",\"Pflegeleichte \\u0026 selbstfruchtende Sorte mit guter Winterh\u00e4rte\"],\"variants\" : [ {\"sku\": \"OP-PYPY-0333\",\"available\": false, \"compareAtPriceString\": \"\", \"priceString\": \"39,99 \u20ac\", \"compareAtPrice\": 0.0, \"price\": 39.99, \"sale\":false, \"percentage\":\"\", \"priceCurrency\" : \"EUR\", \"url\" : \"https://shop.plantura.garden/products/bio-nashi-birnbaum-kosui?variant=44453506089226\",\"isSet\":false}], \"handle\" : \"bio-nashi-birnbaum-kosui\"}, { \"name\": \"Bio-Pflaumenbaum \\u0026#39;K\u00f6nigin Viktoria\\u0026#39;\", \"unitPrice\" : \"\", \"compareAtPriceString\": \"\", \"priceString\": \"39,99 \u20ac\", \"compareAtPrice\": 0.0, \"price\": 39.99, \"sale\":false, \"percentage\":\"\", \"badge\": \"new\", \"url\": \"https://shop.plantura.garden/products/bio-pflaumenbaum-koenigin-viktoria\", \"available\": false, \"availabilityInfo\":\"Verf\u00fcgbar ab Fr\u00fchjahr 2024\", \"campaignInfo\":\"pflanzen-draussen\",\"isSet\": false, \"priceLabel\": \"\", \"compareAtPriceLabel\": \"\",\"reviewsData\":{\"reviewCount\": 2, \"reviewAverageValue\": 5.0},\"image\": \"https://shop.plantura.garden/cdn/shop/files/bio-pflaumenbaum-koenigin-viktoria_1772x.png?v=1692798591\", \"overlayImage\": \"https://shop.plantura.garden/cdn/shop/files/bio-siegel-overlay.png?v=1679900479\", \"overlayHidden\": false ,\"tags\": \"beefriendly,bio obst,birdfriendly,fruit,live plants,obstbaum,organic,outdoor,pflanzen,pflaume,pflaumenbaum,plumtree,pot-discount,prunus domestica,quetsche,quetschenbaum,reiners,zwetsche,zwetschenbaum,zwetschge,zwetschgenbaum,zwetschke,zwetschkenbaum\",\"bulletPoints\": [\"Bienenfreundlicher Hingucker im Garten mit gro\u00dfen Fr\u00fcchten ab August\",\"Saftige \\u0026 \u00e4u\u00dferst s\u00fc\u00df schmeckende Pflaumen mit goldgelber bis hell-violetter Schale\",\"Selbstfruchtende \\u0026 reichtragende Sorte mit besonders guter Winterh\u00e4rte\"],\"variants\" : [ {\"sku\": \"OP-PRDO-0318\",\"available\": false, \"compareAtPriceString\": \"\", \"priceString\": \"39,99 \u20ac\", \"compareAtPrice\": 0.0, \"price\": 39.99, \"sale\":false, \"percentage\":\"\", \"priceCurrency\" : \"EUR\", \"url\" : \"https://shop.plantura.garden/products/bio-pflaumenbaum-koenigin-viktoria?variant=44453503140106\",\"isSet\":false}], \"handle\" : \"bio-pflaumenbaum-koenigin-viktoria\"}, { \"name\": \"Bio-Pflaumenbaum \\u0026#39;Oullins Reneklode\\u0026#39;\", \"unitPrice\" : \"\", \"compareAtPriceString\": \"\", \"priceString\": \"39,99 \u20ac\", \"compareAtPrice\": 0.0, \"price\": 39.99, \"sale\":false, \"percentage\":\"\", \"badge\": \"new\", \"url\": \"https://shop.plantura.garden/products/bio-pflaumenbaum-oullins-reneklode\", \"available\": false, \"availabilityInfo\":\"Verf\u00fcgbar ab Fr\u00fchjahr 2024\", \"campaignInfo\":\"pflanzen-draussen\",\"isSet\": false, \"priceLabel\": \"\", \"compareAtPriceLabel\": \"\",\"reviewsData\":{\"reviewCount\": 1, \"reviewAverageValue\": 4.0},\"image\": \"https://shop.plantura.garden/cdn/shop/files/bio-pflaumenbaum-oullins-reneklode_1476x.png?v=1691765627\", \"overlayImage\": \"https://shop.plantura.garden/cdn/shop/files/bio-siegel-overlay.png?v=1679900479\", \"overlayHidden\": false ,\"tags\": \"beefriendly,bio obst,birdfriendly,fruit,live plants,obstbaum,organic,outdoor,pflanzen,pflaume,pflaumenbaum,plumtree,pot-discount,prunus domestica,quetsche,quetschenbaum,reiners,zwetsche,zwetschenbaum,zwetschge,zwetschgenbaum,zwetschke,zwetschkenbaum\",\"bulletPoints\": [\"Seit dem 19. Jahrhundert beliebt \u2013 \u00fcberzeugt durch hohe Ertr\u00e4ge\",\"\u00c4u\u00dferst zartes Fruchtfleisch in goldgelber bis r\u00f6tlicher Schale\",\"Gen\u00fcgsam \\u0026 pflegeleicht \u2013 auch f\u00fcr kleine G\u00e4rten eine gute Wahl\"],\"variants\" : [ {\"sku\": \"OP-PRDO-0319\",\"available\": false, \"compareAtPriceString\": \"\", \"priceString\": \"39,99 \u20ac\", \"compareAtPrice\": 0.0, \"price\": 39.99, \"sale\":false, \"percentage\":\"\", \"priceCurrency\" : \"EUR\", \"url\" : \"https://shop.plantura.garden/products/bio-pflaumenbaum-oullins-reneklode?variant=44453503172874\",\"isSet\":false}], \"handle\" : \"bio-pflaumenbaum-oullins-reneklode\"}, { \"name\": \"Bio-Pflaumenbaum \\u0026#39;Rheingold\\u0026#39;\", \"unitPrice\" : \"\", \"compareAtPriceString\": \"\", \"priceString\": \"59,99 \u20ac\", \"compareAtPrice\": 0.0, \"price\": 59.99, \"sale\":false, \"percentage\":\"\", \"badge\": \"new\", \"url\": \"https://shop.plantura.garden/products/bio-pflaumenbaum-rheingold\", \"available\": false, \"availabilityInfo\":\"Verf\u00fcgbar ab Fr\u00fchjahr 2024\", \"campaignInfo\":\"pflanzen-draussen\",\"isSet\": false, \"priceLabel\": \"\", \"compareAtPriceLabel\": \"\",\"reviewsData\":{\"reviewCount\": 0, \"reviewAverageValue\": 0.0},\"image\": \"https://shop.plantura.garden/cdn/shop/files/bio-pflaumenbaum-rheingold_1575x.png?v=1691765659\", \"overlayImage\": \"https://shop.plantura.garden/cdn/shop/files/bio-siegel-overlay.png?v=1679900479\", \"overlayHidden\": false ,\"tags\": \"beefriendly,bio obst,birdfriendly,fruit,live plants,obstbaum,organic,outdoor,pflanzen,pflaume,pflaumenbaum,plumtree,pot-discount,prunus domestica,quetsche,quetschenbaum,reiners,zwetsche,zwetschenbaum,zwetschge,zwetschgenbaum,zwetschke,zwetschkenbaum\",\"bulletPoints\": [\"Gro\u00dfe Pflaumen mit mild s\u00e4uerlichem \\u0026 erfrischendem Geschmack\",\"Saftiges Fruchtfleisch, das sich gut vom Stein l\u00f6sen l\u00e4sst\",\"Sehr gesund \\u0026 schwachw\u00fcchsig \u2013 ideal f\u00fcr den Hausgarten\"],\"variants\" : [ {\"sku\": \"OP-PRDO-0321\",\"available\": false, \"compareAtPriceString\": \"\", \"priceString\": \"59,99 \u20ac\", \"compareAtPrice\": 0.0, \"price\": 59.99, \"sale\":false, \"percentage\":\"\", \"priceCurrency\" : \"EUR\", \"url\" : \"https://shop.plantura.garden/products/bio-pflaumenbaum-rheingold?variant=44453503598858\",\"isSet\":false}], \"handle\" : \"bio-pflaumenbaum-rheingold\"}, { \"name\": \"Bio-Pinienrinde 60 L\", \"unitPrice\" : \"Grundpreis: 0,32 \u20ac/l\", \"compareAtPriceString\": \"\", \"priceString\": \"18,99 \u20ac\", \"compareAtPrice\": 0.0, \"price\": 18.99, \"sale\":false, \"percentage\":\"\", \"badge\": \"new\", \"url\": \"https://shop.plantura.garden/products/bio-pinienrinde-60-l\", \"available\": true, \"availabilityInfo\":\"\", \"campaignInfo\":\"erden\",\"isSet\": false, \"priceLabel\": \"\", \"compareAtPriceLabel\": \"\",\"reviewsData\":{\"reviewCount\": 38, \"reviewAverageValue\": 4.9},\"image\": \"https://shop.plantura.garden/cdn/shop/files/bio-pinienrinde-60l-plantura_1476x.png?v=1691050715\",\"tags\": \"Blumen,boden,B\u00e4ume & Str\u00e4ucher,category_erde,grow flowers,Hortensien,HortensienRhododendronBlaubeere,mulch,pinienmulch,pinienrindenmulch,rindenmulch,sand chalk & mulch\",\"bulletPoints\": [\"Reine \\u0026 naturbelassene Bio-Pinienrinde zum Mulchen von Beeten \\u0026 Wegen\",\"Unterdr\u00fcckt Unkraut \\u0026 sch\u00fctzt vor Bodenerosion sowie Austrocknung\",\"In grober Struktur von 25 bis 40 mm - nachhaltig hergestellt in der EU\"],\"variants\" : [ {\"sku\": \"HE-9G8N-E653\",\"available\": true, \"compareAtPriceString\": \"\", \"priceString\": \"18,99 \u20ac\", \"compareAtPrice\": 0.0, \"price\": 18.99, \"sale\":false, \"percentage\":\"\", \"priceCurrency\" : \"EUR\", \"url\" : \"https://shop.plantura.garden/products/bio-pinienrinde-60-l?variant=39694217543768\",\"isSet\":false}, {\"sku\": \"MU-8Z7N-120L\",\"available\": true, \"compareAtPriceString\": \"37,98 \u20ac\", \"priceString\": \"35,99 \u20ac\", \"compareAtPrice\": 37.98, \"price\": 35.99, \"sale\":true, \"percentage\":\"5%\", \"priceCurrency\" : \"EUR\", \"url\" : \"https://shop.plantura.garden/products/bio-pinienrinde-60-l?variant=39694217576536\",\"isSet\":true }, {\"sku\": \"MU-8Z7N-240L\",\"available\": true, \"compareAtPriceString\": \"75,96 \u20ac\", \"priceString\": \"69,99 \u20ac\", \"compareAtPrice\": 75.96, \"price\": 69.99, \"sale\":true, \"percentage\":\"8%\", \"priceCurrency\" : \"EUR\", \"url\" : \"https://shop.plantura.garden/products/bio-pinienrinde-60-l?variant=39694218723416\",\"isSet\":true }], \"handle\" : \"bio-pinienrinde-60-l\"}, { \"name\": \"Bio-Pinienrinde Palette 39 x 60 L\", \"unitPrice\" : \"Grundpreis: 0,28 \u20ac/l\", \"compareAtPriceString\": \"797,58 \u20ac\", \"priceString\": \"649,99 \u20ac\", \"compareAtPrice\": 797.58, \"price\": 649.99, \"sale\":false, \"percentage\":\"19%\", \"badge\": \"new\", \"url\": \"https://shop.plantura.garden/products/palette-bio-pinienrinde-60-l\", \"available\": true, \"availabilityInfo\":\"\", \"campaignInfo\":\"erden\",\"isSet\": true, \"priceLabel\": \"Im Set\", \"compareAtPriceLabel\": \"Einzeln\",\"reviewsData\":{\"reviewCount\": 0, \"reviewAverageValue\": 0.0},\"image\": \"https://shop.plantura.garden/cdn/shop/files/palette-pinienrinde-plantura_1476x.png?v=1691396081\",\"tags\": \"Blumen,B\u00e4ume & Str\u00e4ucher,category_erde,grow flowers,HortensienRhododendronBlaubeere,sand chalk & mulch,soils sand chalk & mulch\",\"variants\" : [ {\"sku\": \"MP-8Z7N-PR42\",\"available\": true, \"compareAtPriceString\": \"797,58 \u20ac\", \"priceString\": \"649,99 \u20ac\", \"compareAtPrice\": 797.58, \"price\": 649.99, \"sale\":true, \"percentage\":\"19%\", \"priceCurrency\" : \"EUR\", \"url\" : \"https://shop.plantura.garden/products/palette-bio-pinienrinde-60-l?variant=39475063291992\",\"isSet\":true }], \"handle\" : \"palette-bio-pinienrinde-60-l\"}, { \"name\": \"Bio-Quitte \\u0026#39;Bereczki Birnenquitte\\u0026#39;\", \"unitPrice\" : \"\", \"compareAtPriceString\": \"\", \"priceString\": \"39,99 \u20ac\", \"compareAtPrice\": 0.0, \"price\": 39.99, \"sale\":false, \"percentage\":\"\", \"badge\": \"new\", \"url\": \"https://shop.plantura.garden/products/bio-quitte-bereczki-birnenquitte\", \"available\": false, \"availabilityInfo\":\"Verf\u00fcgbar ab Fr\u00fchjahr 2024\", \"campaignInfo\":\"pflanzen-draussen\",\"isSet\": false, \"priceLabel\": \"\", \"compareAtPriceLabel\": \"\",\"reviewsData\":{\"reviewCount\": 1, \"reviewAverageValue\": 5.0},\"image\": \"https://shop.plantura.garden/cdn/shop/files/bio-quittenbaum-bereczki-birnenquitte_1476x.png?v=1691763601\", \"overlayImage\": \"https://shop.plantura.garden/cdn/shop/files/bio-siegel-overlay.png?v=1679900479\", \"overlayHidden\": false ,\"tags\": \"apfelquitte,beefriendly,bio obst,birdfriendly,birnenquitte,cydonia oblonga,fruit,live plants,obstbaum,organic,outdoor,pflanzen,pot-discount,quince,quitte,quittenapfel,quittenbaum,reiners\",\"bulletPoints\": [\"Bienenfreundliche, wei\u00dfrosa Bl\u00fctenpracht von Mai bis Juni\",\"K\u00f6stliche Quitten \u2013 optimal f\u00fcr die Weiterverarbeitung in der K\u00fcche\",\"Auch f\u00fcr kleine G\u00e4rten geeignet \u2013 pflegeleicht \\u0026 anf\u00e4ngerfreundlich\"],\"variants\" : [ {\"sku\": \"OP-CYOG-0335\",\"available\": false, \"compareAtPriceString\": \"\", \"priceString\": \"39,99 \u20ac\", \"compareAtPrice\": 0.0, \"price\": 39.99, \"sale\":false, \"percentage\":\"\", \"priceCurrency\" : \"EUR\", \"url\" : \"https://shop.plantura.garden/products/bio-quitte-bereczki-birnenquitte?variant=44453466079498\",\"isSet\":false}], \"handle\" : \"bio-quitte-bereczki-birnenquitte\"}, { \"name\": \"Bio-Quitte \\u0026#39;Konstantinopler Apfelquitte\\u0026#39;\", \"unitPrice\" : \"\", \"compareAtPriceString\": \"\", \"priceString\": \"39,99 \u20ac\", \"compareAtPrice\": 0.0, \"price\": 39.99, \"sale\":false, \"percentage\":\"\", \"badge\": \"new\", \"url\": \"https://shop.plantura.garden/products/bio-quitte-konstantinopler-apfelquitte\", \"available\": false, \"availabilityInfo\":\"Verf\u00fcgbar ab Fr\u00fchjahr 2024\", \"campaignInfo\":\"pflanzen-draussen\",\"isSet\": false, \"priceLabel\": \"\", \"compareAtPriceLabel\": \"\",\"reviewsData\":{\"reviewCount\": 0, \"reviewAverageValue\": 0.0},\"image\": \"https://shop.plantura.garden/cdn/shop/files/bio-quittenbaum-konstantinopler-apfelquitte_1476x.png?v=1691763585\", \"overlayImage\": \"https://shop.plantura.garden/cdn/shop/files/bio-siegel-overlay.png?v=1679900479\", \"overlayHidden\": false ,\"tags\": \"apfelquitte,beefriendly,bio obst,birdfriendly,birnenquitte,cydonia oblonga,fruit,live plants,obstbaum,organic,outdoor,pflanzen,pot-discount,quince,quitte,quittenapfel,quittenbaum,reiners\",\"bulletPoints\": [\"Wundersch\u00f6n bl\u00fchende Quittensorte mit apfel\u00e4hnlichen, gelben Fr\u00fcchten\",\"Geschmacklich eine Mischung aus Apfel, Birne \\u0026 Zitrone mit einem Hauch Rose\",\"Sehr frosthart, stadtklimafest \\u0026 anspruchslos \u2013 auch f\u00fcr raue Lagen geeignet\"],\"variants\" : [ {\"sku\": \"OP-CYOG-0334\",\"available\": false, \"compareAtPriceString\": \"\", \"priceString\": \"39,99 \u20ac\", \"compareAtPrice\": 0.0, \"price\": 39.99, \"sale\":false, \"percentage\":\"\", \"priceCurrency\" : \"EUR\", \"url\" : \"https://shop.plantura.garden/products/bio-quitte-konstantinopler-apfelquitte?variant=44453465719050\",\"isSet\":false}], \"handle\" : \"bio-quitte-konstantinopler-apfelquitte\"}, { \"name\": \"Bio-Quitte \\u0026#39;Robusta\\u0026#39;\", \"unitPrice\" : \"\", \"compareAtPriceString\": \"\", \"priceString\": \"59,99 \u20ac\", \"compareAtPrice\": 0.0, \"price\": 59.99, \"sale\":false, \"percentage\":\"\", \"badge\": \"new\", \"url\": \"https://shop.plantura.garden/products/bio-quitte-robusta\", \"available\": false, \"availabilityInfo\":\"Verf\u00fcgbar ab Fr\u00fchjahr 2024\", \"campaignInfo\":\"pflanzen-draussen\",\"isSet\": false, \"priceLabel\": \"\", \"compareAtPriceLabel\": \"\",\"reviewsData\":{\"reviewCount\": 0, \"reviewAverageValue\": 0.0},\"image\": \"https://shop.plantura.garden/cdn/shop/files/bio-quittenbaum-robusta_1476x.png?v=1691763615\", \"overlayImage\": \"https://shop.plantura.garden/cdn/shop/files/bio-siegel-overlay.png?v=1679900479\", \"overlayHidden\": false ,\"tags\": \"apfelquitte,beefriendly,bio obst,birdfriendly,birnenquitte,cydonia oblonga,fruit,live plants,obstbaum,organic,outdoor,pflanzen,pot-discount,quince,quitte,quittenapfel,quittenbaum,reiners\",\"bulletPoints\": [\"S\u00fc\u00df-aromatisch schmeckende Fr\u00fcchte \u2013 ideal f\u00fcr S\u00e4fte, Marmeladen oder Lik\u00f6re\",\"Leuchtend gelbe Quitten mit leichter Behaarung \\u0026 cremefarbenem Fruchtfleisch\",\"\u00c4u\u00dferst widerstandsf\u00e4hig gegen\u00fcber Krankheiten \\u0026 sehr pflegeleicht\"],\"variants\" : [ {\"sku\": \"OP-CYOG-0336\",\"available\": false, \"compareAtPriceString\": \"\", \"priceString\": \"59,99 \u20ac\", \"compareAtPrice\": 0.0, \"price\": 59.99, \"sale\":false, \"percentage\":\"\", \"priceCurrency\" : \"EUR\", \"url\" : \"https://shop.plantura.garden/products/bio-quitte-robusta?variant=44453466177802\",\"isSet\":false}], \"handle\" : \"bio-quitte-robusta\"}, { \"name\": \"Bio-Rasen- \\u0026amp; Gartenkalk 15 kg\", \"unitPrice\" : \"Grundpreis: 0,93 \u20ac/kg\", \"compareAtPriceString\": \"\", \"priceString\": \"13,99 \u20ac\", \"compareAtPrice\": 0.0, \"price\": 13.99, \"sale\":false, \"percentage\":\"\", \"badge\": \"new\", \"url\": \"https://shop.plantura.garden/products/rasenkalk-gartenkalk-15-kg\", \"available\": true, \"availabilityInfo\":\"\", \"campaignInfo\":\"rasen\",\"isSet\": false, \"priceLabel\": \"\", \"compareAtPriceLabel\": \"\",\"reviewsData\":{\"reviewCount\": 18, \"reviewAverageValue\": 4.7},\"image\": \"https://shop.plantura.garden/cdn/shop/files/rasenkalk-gartenkalk-15kg-plantura_1476x.png?v=1691051336\",\"tags\": \"algenkalk,Blumen,boden sauer,B\u00e4ume & Str\u00e4ucher,category_erde,Gem\u00fcse,grow herbs,grow lawn,kalk,kalkd\u00fcnger,kohlensaurer kalk,Kr\u00e4uter,ph wert,Rasen,rasenkalk,rasenpflege,rollrasen,sand chalk & mulch,saurer boden,soils sand chalk & mulch,streuwagen\",\"bulletPoints\": [\"Hochwertiger, fein gek\u00f6rnter Rasen- \\u0026 Gartenkalk f\u00fcr eine verbesserte Bodenfruchtbarkeit\",\"Gegen Unkraut und Moos: Bringt \u00fcbers\u00e4uerte B\u00f6den wieder ins Gleichgewicht\",\"Streuwagengeeignet \\u0026 leicht auszubringen - unbedenklich f\u00fcr Haus- \\u0026 Gartentiere\"],\"variants\" : [ {\"sku\": \"RM-3GIF-S9X1\",\"available\": true, \"compareAtPriceString\": \"\", \"priceString\": \"13,99 \u20ac\", \"compareAtPrice\": 0.0, \"price\": 13.99, \"sale\":false, \"percentage\":\"\", \"priceCurrency\" : \"EUR\", \"url\" : \"https://shop.plantura.garden/products/rasenkalk-gartenkalk-15-kg?variant=39372564037720\",\"isSet\":false}], \"handle\" : \"rasenkalk-gartenkalk-15-kg\"}, { \"name\": \"Bio-Rasend\u00fcnger 10,5 kg (Papierverpackung)\", \"unitPrice\" : \"Grundpreis: 3,33 \u20ac/kg\", \"compareAtPriceString\": \"\", \"priceString\": \"34,99 \u20ac\", \"compareAtPrice\": 0.0, \"price\": 34.99, \"sale\":false, \"percentage\":\"\", \"badge\": \"new\", \"url\": \"https://shop.plantura.garden/products/bio-rasenduenger-10-5-kg-papierverpackung\", \"available\": true, \"availabilityInfo\":\"\", \"campaignInfo\":\"rasen\",\"isSet\": false, \"priceLabel\": \"\", \"compareAtPriceLabel\": \"\",\"reviewsData\":{\"reviewCount\": 83, \"reviewAverageValue\": 4.9},\"image\": \"https://shop.plantura.garden/cdn/shop/files/organischer-rasenduenger-10-5kg-plantura_1476x.png?v=1690962227\",\"tags\": \"boden,category_d\u00fcnger,fertilizer,granulatd\u00fcnger,grow lawn,langzeitd\u00fcnger,lawn fertilizer,organischer rasend\u00fcnger,pflanzend\u00fcnger,plastikfrei,Rasen,rasenpflege,rollrasen,stickstoffd\u00fcnger,streuwagen\",\"bulletPoints\": [\"Organischer Bio-Rasend\u00fcnger f\u00fcr einen gesunden \\u0026 satt-gr\u00fcnen Rasen\",\"Mit 3-monatiger Langzeitwirkung f\u00fcr die Fr\u00fchjahrs- \\u0026 Sommerd\u00fcngung\",\"Plastikfrei verpackt im Papiersack - unbedenklich f\u00fcr Haus- \\u0026 Gartentiere\"],\"variants\" : [ {\"sku\": \"RA-8S5N-U934\",\"available\": true, \"compareAtPriceString\": \"\", \"priceString\": \"34,99 \u20ac\", \"compareAtPrice\": 0.0, \"price\": 34.99, \"sale\":false, \"percentage\":\"\", \"priceCurrency\" : \"EUR\", \"url\" : \"https://shop.plantura.garden/products/bio-rasenduenger-10-5-kg-papierverpackung?variant=39816432615512\",\"isSet\":false}, {\"sku\": \"RD-8S5N-21KG\",\"available\": true, \"compareAtPriceString\": \"69,98 \u20ac\", \"priceString\": \"64,99 \u20ac\", \"compareAtPrice\": 69.98, \"price\": 64.99, \"sale\":true, \"percentage\":\"7%\", \"priceCurrency\" : \"EUR\", \"url\" : \"https://shop.plantura.garden/products/bio-rasenduenger-10-5-kg-papierverpackung?variant=39816432648280\",\"isSet\":true }, {\"sku\": \"RD-8S5N-42KG\",\"available\": true, \"compareAtPriceString\": \"139,96 \u20ac\", \"priceString\": \"124,99 \u20ac\", \"compareAtPrice\": 139.96, \"price\": 124.99, \"sale\":true, \"percentage\":\"11%\", \"priceCurrency\" : \"EUR\", \"url\" : \"https://shop.plantura.garden/products/bio-rasenduenger-10-5-kg-papierverpackung?variant=39816432681048\",\"isSet\":true }], \"handle\" : \"bio-rasenduenger-10-5-kg-papierverpackung\"}, { \"name\": \"Bio-Rasend\u00fcnger 10,5 kg (Sack)\", \"unitPrice\" : \"Grundpreis: 3,33 \u20ac/kg\", \"compareAtPriceString\": \"\", \"priceString\": \"34,99 \u20ac\", \"compareAtPrice\": 0.0, \"price\": 34.99, \"sale\":false, \"percentage\":\"\", \"badge\": \"new\", \"url\": \"https://shop.plantura.garden/products/bio-rasenduenger-10-5-kg\", \"available\": true, \"availabilityInfo\":\"\", \"campaignInfo\":\"rasen\",\"isSet\": false, \"priceLabel\": \"\", \"compareAtPriceLabel\": \"\",\"reviewsData\":{\"reviewCount\": 463, \"reviewAverageValue\": 4.7},\"image\": \"https://shop.plantura.garden/cdn/shop/files/bio-rasenduenger-10-5kg-plantura_1476x.png?v=1690815576\",\"tags\": \"boden,category_d\u00fcnger,fertilizer,granulatd\u00fcnger,grow lawn,langzeitd\u00fcnger,lawn fertilizer,pflanzend\u00fcnger,Rasen,Rasend\u00fcnger,rasenpflege,rasenrelevant,rollrasen,stickstoffd\u00fcnger,streuwagen,vinasse\",\"bulletPoints\": [\"Bio-Rasend\u00fcnger f\u00fcr einen gesunden \\u0026 satt-gr\u00fcnen Rasen\",\"Zur Fr\u00fchjahrs- \\u0026 Sommerd\u00fcngung mit 3-monatiger Langzeitwirkung\",\"100% nat\u00fcrliche \\u0026 tierfreie Inhaltsstoffe - unbedenklich f\u00fcr Haus- \\u0026 Gartentiere\"],\"variants\" : [ {\"sku\": \"I6-6PXN-RSL6\",\"available\": true, \"compareAtPriceString\": \"\", \"priceString\": \"34,99 \u20ac\", \"compareAtPrice\": 0.0, \"price\": 34.99, \"sale\":false, \"percentage\":\"\", \"priceCurrency\" : \"EUR\", \"url\" : \"https://shop.plantura.garden/products/bio-rasenduenger-10-5-kg?variant=33327550759000\",\"isSet\":false}, {\"sku\": \"ID-7LNW-SQER\",\"available\": true, \"compareAtPriceString\": \"69,98 \u20ac\", \"priceString\": \"64,99 \u20ac\", \"compareAtPrice\": 69.98, \"price\": 64.99, \"sale\":true, \"percentage\":\"7%\", \"priceCurrency\" : \"EUR\", \"url\" : \"https://shop.plantura.garden/products/bio-rasenduenger-10-5-kg?variant=33327550791768\",\"isSet\":true }, {\"sku\": \"CQ-E2HZ-25N9\",\"available\": true, \"compareAtPriceString\": \"139,96 \u20ac\", \"priceString\": \"124,99 \u20ac\", \"compareAtPrice\": 139.96, \"price\": 124.99, \"sale\":true, \"percentage\":\"11%\", \"priceCurrency\" : \"EUR\", \"url\" : \"https://shop.plantura.garden/products/bio-rasenduenger-10-5-kg?variant=33327550824536\",\"isSet\":true }], \"handle\" : \"bio-rasenduenger-10-5-kg\"}, { \"name\": \"Bio-Rasend\u00fcnger 3 kg (Box)\", \"unitPrice\" : \"Grundpreis: 5,00 \u20ac/kg\", \"compareAtPriceString\": \"\", \"priceString\": \"14,99 \u20ac\", \"compareAtPrice\": 0.0, \"price\": 14.99, \"sale\":false, \"percentage\":\"\", \"badge\": \"new\", \"url\": \"https://shop.plantura.garden/products/bio-rasenduenger-3-kg\", \"available\": true, \"availabilityInfo\":\"\", \"campaignInfo\":\"rasen\",\"isSet\": false, \"priceLabel\": \"\", \"compareAtPriceLabel\": \"\",\"reviewsData\":{\"reviewCount\": 44, \"reviewAverageValue\": 4.6},\"image\": \"https://shop.plantura.garden/cdn/shop/files/bio-rasenduenger-3kg-plantura_1476x.png?v=1690815407\",\"tags\": \"boden,category_d\u00fcnger,fertilizer,granulatd\u00fcnger,grow lawn,langzeitd\u00fcnger,lawn fertilizer,pflanzend\u00fcnger,Rasen,rasenpflege,rasenrelevant,rollrasen,stickstoffd\u00fcnger,streuwagen,vinasse\",\"bulletPoints\": [\"Bio-Rasend\u00fcnger f\u00fcr einen gesunden \\u0026 satt-gr\u00fcnen Rasen\",\"Zur Fr\u00fchjahrs- \\u0026 Sommerd\u00fcngung mit 3-monatiger Langzeitwirkung\",\"100% nat\u00fcrliche \\u0026 tierfreie Inhaltsstoffe - unbedenklich f\u00fcr Haus- \\u0026 Gartentiere\"],\"customImages\": {},\"variants\" : [ {\"sku\": \"02-7T86-N26G\",\"available\": true, \"compareAtPriceString\": \"\", \"priceString\": \"14,99 \u20ac\", \"compareAtPrice\": 0.0, \"price\": 14.99, \"sale\":false, \"percentage\":\"\", \"priceCurrency\" : \"EUR\", \"url\" : \"https://shop.plantura.garden/products/bio-rasenduenger-3-kg?variant=33327578906712\",\"isSet\":false}, {\"sku\": \"DC-N8NO-DBOJ\",\"available\": true, \"compareAtPriceString\": \"29,98 \u20ac\", \"priceString\": \"27,99 \u20ac\", \"compareAtPrice\": 29.98, \"price\": 27.99, \"sale\":true, \"percentage\":\"7%\", \"priceCurrency\" : \"EUR\", \"url\" : \"https://shop.plantura.garden/products/bio-rasenduenger-3-kg?variant=33327578939480\",\"isSet\":true }], \"handle\" : \"bio-rasenduenger-3-kg\"}, { \"name\": \"Bio-Rasenerde 40 L\", \"unitPrice\" : \"Grundpreis: 0,42 \u20ac/l\", \"compareAtPriceString\": \"\", \"priceString\": \"16,99 \u20ac\", \"compareAtPrice\": 0.0, \"price\": 16.99, \"sale\":false, \"percentage\":\"\", \"badge\": \"new\", \"url\": \"https://shop.plantura.garden/products/bio-rasenerde-40-l\", \"available\": true, \"availabilityInfo\":\"\", \"campaignInfo\":\"rasen\",\"isSet\": false, \"priceLabel\": \"\", \"compareAtPriceLabel\": \"\",\"reviewsData\":{\"reviewCount\": 53, \"reviewAverageValue\": 4.8},\"image\": \"https://shop.plantura.garden/cdn/shop/files/bio-rasenerde-plantura_1476x.png?v=1691049362\",\"tags\": \"boden,category_erde,grow lawn,kompost,Rasen,rasen ans\u00e4en,rasen neu anlegen,rasenpflege,rasenrelevant,rollrasen,soils sand chalk & mulch,substrat\",\"bulletPoints\": [\"Ideal zur Neuanlage sowie zur Ausbesserung \\u0026 Pflege von Rasenfl\u00e4chen\",\"Sorgt f\u00fcr einen kraftvollen \\u0026 gesunden Rasen - mit wertvollen Mineralien\",\"Torfreduziert \\u0026 klimafreundlich: CO\\u003csub\\u003e2\\u003c\\/sub\\u003e-reduzierte Bio-Erde hergestellt in Deutschland\"],\"variants\" : [ {\"sku\": \"X5-W1SD-HMC3\",\"available\": true, \"compareAtPriceString\": \"\", \"priceString\": \"16,99 \u20ac\", \"compareAtPrice\": 0.0, \"price\": 16.99, \"sale\":false, \"percentage\":\"\", \"priceCurrency\" : \"EUR\", \"url\" : \"https://shop.plantura.garden/products/bio-rasenerde-40-l?variant=33327422799960\",\"isSet\":false}, {\"sku\": \"EJ-3BAB-GCO6\",\"available\": true, \"compareAtPriceString\": \"33,98 \u20ac\", \"priceString\": \"31,99 \u20ac\", \"compareAtPrice\": 33.98, \"price\": 31.99, \"sale\":true, \"percentage\":\"6%\", \"priceCurrency\" : \"EUR\", \"url\" : \"https://shop.plantura.garden/products/bio-rasenerde-40-l?variant=33327422832728\",\"isSet\":true }, {\"sku\": \"FB-XNHH-WA9N\",\"available\": true, \"compareAtPriceString\": \"67,96 \u20ac\", \"priceString\": \"62,99 \u20ac\", \"compareAtPrice\": 67.96, \"price\": 62.99, \"sale\":true, \"percentage\":\"7%\", \"priceCurrency\" : \"EUR\", \"url\" : \"https://shop.plantura.garden/products/bio-rasenerde-40-l?variant=33327422865496\",\"isSet\":true }], \"handle\" : \"bio-rasenerde-40-l\"}, { \"name\": \"Bio-Rasenerde Palette 45 x 40 L\", \"unitPrice\" : \"Grundpreis: 0,33 \u20ac/l\", \"compareAtPriceString\": \"764,55 \u20ac\", \"priceString\": \"599,99 \u20ac\", \"compareAtPrice\": 764.55, \"price\": 599.99, \"sale\":false, \"percentage\":\"22%\", \"badge\": \"new\", \"url\": \"https://shop.plantura.garden/products/palette-bio-rasenerde-40-l\", \"available\": true, \"availabilityInfo\":\"\", \"campaignInfo\":\"rasen\",\"isSet\": true, \"priceLabel\": \"Im Set\", \"compareAtPriceLabel\": \"Einzeln\",\"reviewsData\":{\"reviewCount\": 0, \"reviewAverageValue\": 0.0},\"image\": \"https://shop.plantura.garden/cdn/shop/files/bio-rasenerde-palette-plantura_1476x.png?v=1691395862\",\"tags\": \"category_erde,grow lawn,Rasen,soils sand chalk & mulch\",\"variants\" : [ {\"sku\": \"EP-W1SD-RE45\",\"available\": true, \"compareAtPriceString\": \"764,55 \u20ac\", \"priceString\": \"599,99 \u20ac\", \"compareAtPrice\": 764.55, \"price\": 599.99, \"sale\":true, \"percentage\":\"22%\", \"priceCurrency\" : \"EUR\", \"url\" : \"https://shop.plantura.garden/products/palette-bio-rasenerde-40-l?variant=39475020005464\",\"isSet\":true }], \"handle\" : \"palette-bio-rasenerde-40-l\"}, { \"name\": \"Bio-Rosend\u00fcnger 1,5 kg\", \"unitPrice\" : \"Grundpreis: 9,99 \u20ac/kg\", \"compareAtPriceString\": \"\", \"priceString\": \"14,99 \u20ac\", \"compareAtPrice\": 0.0, \"price\": 14.99, \"sale\":false, \"percentage\":\"\", \"badge\": \"new\", \"url\": \"https://shop.plantura.garden/products/bio-rosenduenger-1-5-kg\", \"available\": true, \"availabilityInfo\":\"\", \"campaignInfo\":\"duenger\",\"isSet\": false, \"priceLabel\": \"\", \"compareAtPriceLabel\": \"\",\"reviewsData\":{\"reviewCount\": 76, \"reviewAverageValue\": 4.8},\"image\": \"https://shop.plantura.garden/cdn/shop/files/bio-rosenduenger-plantura_1476x.png?v=1691046858\",\"tags\": \"Blumen,bodendeckerrose,buschrose,category_d\u00fcnger,edelrose,fertilizer,granulatd\u00fcnger,grow flowers,kletterrose,langzeitd\u00fcnger,pflanzend\u00fcnger,Rosen,rosenrost,stammrose,strauchrose,vinasse,wildrose,zwergrose\",\"bulletPoints\": [\"F\u00fcr prachtvolle \\u0026 \u00fcppige Rosen in Topf und Beet\",\"Beugt typischen Krankheiten vor \\u0026 sorgt f\u00fcr gesundes Wachstum\",\"Tierfreier Bio-Langzeitd\u00fcnger - unbedenklich f\u00fcr Haus- \\u0026 Gartentiere\"],\"customImages\": {},\"variants\" : [ {\"sku\": \"IT-IEFR-QA31\",\"available\": true, \"compareAtPriceString\": \"\", \"priceString\": \"14,99 \u20ac\", \"compareAtPrice\": 0.0, \"price\": 14.99, \"sale\":false, \"percentage\":\"\", \"priceCurrency\" : \"EUR\", \"url\" : \"https://shop.plantura.garden/products/bio-rosenduenger-1-5-kg?variant=33327353790552\",\"isSet\":false}, {\"sku\": \"IJ-FESJ-JJX0\",\"available\": true, \"compareAtPriceString\": \"29,98 \u20ac\", \"priceString\": \"28,99 \u20ac\", \"compareAtPrice\": 29.98, \"price\": 28.99, \"sale\":true, \"percentage\":\"3%\", \"priceCurrency\" : \"EUR\", \"url\" : \"https://shop.plantura.garden/products/bio-rosenduenger-1-5-kg?variant=33327353823320\",\"isSet\":true }, {\"sku\": \"MF-0HR7-QDJP\",\"available\": true, \"compareAtPriceString\": \"59,96 \u20ac\", \"priceString\": \"55,99 \u20ac\", \"compareAtPrice\": 59.96, \"price\": 55.99, \"sale\":true, \"percentage\":\"7%\", \"priceCurrency\" : \"EUR\", \"url\" : \"https://shop.plantura.garden/products/bio-rosenduenger-1-5-kg?variant=33327353856088\",\"isSet\":true }, {\"sku\": \"0O-N1BW-8R64\",\"available\": true, \"compareAtPriceString\": \"119,92 \u20ac\", \"priceString\": \"107,99 \u20ac\", \"compareAtPrice\": 119.92, \"price\": 107.99, \"sale\":true, \"percentage\":\"10%\", \"priceCurrency\" : \"EUR\", \"url\" : \"https://shop.plantura.garden/products/bio-rosenduenger-1-5-kg?variant=33327353888856\",\"isSet\":true }], \"handle\" : \"bio-rosenduenger-1-5-kg\"}, { \"name\": \"Bio-Sauerkirschbaum \\u0026#39;Morellenfeuer\\u0026#39;\", \"unitPrice\" : \"\", \"compareAtPriceString\": \"\", \"priceString\": \"39,99 \u20ac\", \"compareAtPrice\": 0.0, \"price\": 39.99, \"sale\":false, \"percentage\":\"\", \"badge\": \"new\", \"url\": \"https://shop.plantura.garden/products/bio-sauerkirschbaum-morellenfeuer\", \"available\": false, \"availabilityInfo\":\"Verf\u00fcgbar ab Fr\u00fchjahr 2024\", \"campaignInfo\":\"pflanzen-draussen\",\"isSet\": false, \"priceLabel\": \"\", \"compareAtPriceLabel\": \"\",\"reviewsData\":{\"reviewCount\": 0, \"reviewAverageValue\": 0.0},\"image\": \"https://shop.plantura.garden/cdn/shop/files/bio-sauerkirschbaum-morellenfeuer_1476x.png?v=1691765581\", \"overlayImage\": \"https://shop.plantura.garden/cdn/shop/files/bio-siegel-overlay.png?v=1679900479\", \"overlayHidden\": false ,\"tags\": \"beefriendly,bio obst,birdfriendly,cherry blossom,cherrytree,fruit,kirschbaum,kirsche,live plants,obstbaum,organic,outdoor,pflanzen,pot-discount,prunus cerasus,reiners,sauerkirschbaum,sauerkirsche,s\u00fc\u00dfkirsche,weichsel\",\"bulletPoints\": [\"Ertragreiche Sorte mit wei\u00dfer Bl\u00fctenpracht ab April\",\"Gro\u00dfe, mild-s\u00e4uerliche Kirschen mit intensiv rotem Fruchtsaft\",\"Robust \\u0026 selbstfruchtend \u2013 ideal f\u00fcr den Hausgarten\"],\"variants\" : [ {\"sku\": \"OP-PRCE-0330\",\"available\": false, \"compareAtPriceString\": \"\", \"priceString\": \"39,99 \u20ac\", \"compareAtPrice\": 0.0, \"price\": 39.99, \"sale\":false, \"percentage\":\"\", \"priceCurrency\" : \"EUR\", \"url\" : \"https://shop.plantura.garden/products/bio-sauerkirschbaum-morellenfeuer?variant=44453503107338\",\"isSet\":false}], \"handle\" : \"bio-sauerkirschbaum-morellenfeuer\"}, { \"name\": \"Bio-Sauerkirschbaum \\u0026#39;Morina\\u0026#39;\", \"unitPrice\" : \"\", \"compareAtPriceString\": \"\", \"priceString\": \"59,99 \u20ac\", \"compareAtPrice\": 0.0, \"price\": 59.99, \"sale\":false, \"percentage\":\"\", \"badge\": \"new\", \"url\": \"https://shop.plantura.garden/products/bio-sauerkirschbaum-morina\", \"available\": false, \"availabilityInfo\":\"Verf\u00fcgbar ab Fr\u00fchjahr 2024\", \"campaignInfo\":\"pflanzen-draussen\",\"isSet\": false, \"priceLabel\": \"\", \"compareAtPriceLabel\": \"\",\"reviewsData\":{\"reviewCount\": 0, \"reviewAverageValue\": 0.0},\"image\": \"https://shop.plantura.garden/cdn/shop/files/bio-sauerkirschbaum-morina_1476x.png?v=1692798557\", \"overlayImage\": \"https://shop.plantura.garden/cdn/shop/files/bio-siegel-overlay.png?v=1679900479\", \"overlayHidden\": false ,\"tags\": \"beefriendly,bio obst,birdfriendly,cherry blossom,cherrytree,fruit,kirschbaum,kirsche,live plants,obstbaum,organic,outdoor,pflanzen,pot-discount,prunus cerasus,reiners,sauerkirschbaum,sauerkirsche,s\u00fc\u00dfkirsche,weichsel\",\"bulletPoints\": [\"Gesunde Sorte mit bienenfreundlicher Bl\u00fctenpracht von April bis Mai\",\"Rote Sauerkirschen mit fester Schale \\u0026 saftigem Fruchtfleisch\",\"Regelm\u00e4\u00dfige Ertr\u00e4ge ohne hohen Pflegeaufwand\"],\"variants\" : [ {\"sku\": \"OP-PRCE-0329\",\"available\": false, \"compareAtPriceString\": \"\", \"priceString\": \"59,99 \u20ac\", \"compareAtPrice\": 0.0, \"price\": 59.99, \"sale\":false, \"percentage\":\"\", \"priceCurrency\" : \"EUR\", \"url\" : \"https://shop.plantura.garden/products/bio-sauerkirschbaum-morina?variant=44453503041802\",\"isSet\":false}], \"handle\" : \"bio-sauerkirschbaum-morina\"}, { \"name\": \"Bio-Saure Erde 40 L\", \"unitPrice\" : \"Grundpreis: 0,42 \u20ac/l\", \"compareAtPriceString\": \"\", \"priceString\": \"16,99 \u20ac\", \"compareAtPrice\": 0.0, \"price\": 16.99, \"sale\":false, \"percentage\":\"\", \"badge\": \"new\", \"url\": \"https://shop.plantura.garden/products/bio-saure-erde-40-l\", \"available\": true, \"availabilityInfo\":\"\", \"campaignInfo\":\"erden\",\"isSet\": false, \"priceLabel\": \"\", \"compareAtPriceLabel\": \"\",\"reviewsData\":{\"reviewCount\": 53, \"reviewAverageValue\": 4.8},\"image\": \"https://shop.plantura.garden/cdn/shop/files/bio-saure-erde-plantura_1476x.png?v=1691049518\",\"tags\": \"azalee,blaubeere,Blumen,category_erde,grow flowers,grow fruit,heidelbeere,hortensie,Hortensien,hortensienerde,HortensienRhododendronBlaubeere,magnolie,moorbeeterde,pflanzerde,ph wert,rhododendron,sauer,saure blumenerde,soils sand chalk & mulch,substrat\",\"bulletPoints\": [\"Perfekt geeignet f\u00fcr Moorbeetpflanzen wie Blaubeeren, Rhododendren oder blaue Hortensien\",\"Extra niedriger pH-Wert f\u00fcr kr\u00e4ftige Pflanzen mit zahllosen Bl\u00fcten\",\"Gut f\u00fcr\u2019s Klima: Torf- \\u0026 CO\\u003csub\\u003e2\\u003c\\/sub\\u003e-reduzierte Erde in Bio-Qualit\u00e4t\"],\"variants\" : [ {\"sku\": \"ER-9U5N-E653\",\"available\": true, \"compareAtPriceString\": \"\", \"priceString\": \"16,99 \u20ac\", \"compareAtPrice\": 0.0, \"price\": 16.99, \"sale\":false, \"percentage\":\"\", \"priceCurrency\" : \"EUR\", \"url\" : \"https://shop.plantura.garden/products/bio-saure-erde-40-l?variant=39302594592856\",\"isSet\":false}], \"handle\" : \"bio-saure-erde-40-l\"}, { \"name\": \"Bio-Saure Erde Palette 60 x 40 L\", \"unitPrice\" : \"Grundpreis: 0,29 \u20ac/l\", \"compareAtPriceString\": \"1.019,40 \u20ac\", \"priceString\": \"699,99 \u20ac\", \"compareAtPrice\": 1019.4, \"price\": 699.99, \"sale\":false, \"percentage\":\"31%\", \"badge\": \"new\", \"url\": \"https://shop.plantura.garden/products/palette-bio-saure-erde-40-l\", \"available\": true, \"availabilityInfo\":\"\", \"campaignInfo\":\"erden\",\"isSet\": true, \"priceLabel\": \"Im Set\", \"compareAtPriceLabel\": \"Einzeln\",\"reviewsData\":{\"reviewCount\": 0, \"reviewAverageValue\": 0.0},\"image\": \"https://shop.plantura.garden/cdn/shop/files/bio-saure-erde-palette-plantura_1476x.png?v=1691395988\",\"tags\": \"Blumen,category_erde,grow flowers,grow fruit,HortensienRhododendronBlaubeere,soils sand chalk & mulch\",\"variants\" : [ {\"sku\": \"EP-95UN-SE60\",\"available\": true, \"compareAtPriceString\": \"1.019,40 \u20ac\", \"priceString\": \"699,99 \u20ac\", \"compareAtPrice\": 1019.4, \"price\": 699.99, \"sale\":true, \"percentage\":\"31%\", \"priceCurrency\" : \"EUR\", \"url\" : \"https://shop.plantura.garden/products/palette-bio-saure-erde-40-l?variant=39475038421080\",\"isSet\":true }], \"handle\" : \"palette-bio-saure-erde-40-l\"}, { \"name\": \"Bio-Schneckenkorn mit Power-Wirkstoff f\u00fcr 500 m\u00b2\", \"unitPrice\" : \"Grundpreis: 42,83 \u20ac/kg\", \"compareAtPriceString\": \"\", \"priceString\": \"14,99 \u20ac\", \"compareAtPrice\": 0.0, \"price\": 14.99, \"sale\":false, \"percentage\":\"\", \"badge\": \"new\", \"url\": \"https://shop.plantura.garden/products/schneckenkorn\", \"available\": true, \"availabilityInfo\":\"\", \"campaignInfo\":\"pflanzenschutz\",\"isSet\": false, \"priceLabel\": \"\", \"compareAtPriceLabel\": \"\",\"reviewsData\":{\"reviewCount\": 157, \"reviewAverageValue\": 4.8},\"image\": \"https://shop.plantura.garden/cdn/shop/files/bio-schneckenkorn-kaufen-plantura_709x.png?v=1691590071\",\"tags\": \"category_n\u00fctzlinge-&-pflanzenschutz,gegen schnecken,nacktschnecken,pesticides,Schnecken,schnecken korn,schneckenabwehr,schneckenbek\u00e4mpfung,schneckenfrei,schneckengift,schneckenmittel,schneckenschutz,schneckenzaun\",\"bulletPoints\": [\"Regenfester \\u0026 hochkonzentrierter Power-Wirkstoff: Bek\u00e4mpft Nacktschnecken an Gem\u00fcse, Obst \\u0026 Zierpflanzen extrem zuverl\u00e4ssig\",\"Bek\u00e4mpfung ohne Schleimspuren und tote Schnecken im Beet\",\"Schonend f\u00fcr Haustiere \\u0026 N\u00fctzlinge - anwendbar im biologischen Landbau\"],\"variants\" : [ {\"sku\": \"SK-PBSK-350G\",\"available\": true, \"compareAtPriceString\": \"\", \"priceString\": \"14,99 \u20ac\", \"compareAtPrice\": 0.0, \"price\": 14.99, \"sale\":false, \"percentage\":\"\", \"priceCurrency\" : \"EUR\", \"url\" : \"https://shop.plantura.garden/products/schneckenkorn?variant=39586250588248\",\"isSet\":false}], \"handle\" : \"schneckenkorn\"}, { \"name\": \"Bio-Schwarze Johannisbeere \\u0026#39;Ben Sarek\\u0026#39;\", \"unitPrice\" : \"\", \"compareAtPriceString\": \"\", \"priceString\": \"18,99 \u20ac\", \"compareAtPrice\": 0.0, \"price\": 18.99, \"sale\":false, \"percentage\":\"\", \"badge\": \"new\", \"url\": \"https://shop.plantura.garden/products/bio-schwarze-johannisbeere-ben-sarek\", \"available\": true, \"availabilityInfo\":\"\", \"campaignInfo\":\"pflanzen-draussen\",\"isSet\": false, \"priceLabel\": \"\", \"compareAtPriceLabel\": \"\",\"reviewsData\":{\"reviewCount\": 15, \"reviewAverageValue\": 4.6},\"image\": \"https://shop.plantura.garden/cdn/shop/files/bio-schwarze-johannisbeere-ben-sarek_1476x.png?v=1691766149\", \"overlayImage\": \"https://shop.plantura.garden/cdn/shop/files/bio-siegel-overlay.png?v=1679900479\", \"overlayHidden\": false ,\"tags\": \"balcony,beefriendly,beeren,beerenobst,bio obst,birdfriendly,currant,fruit,johannisbeere,johannisbeerpflanze,johannisbeerstrauch,live plants,organic,outdoor,pflanzen,pot-discount,reiners,ribes nigrum,schwarze johannisbeere\",\"bulletPoints\": [\"Reiche Johannisbeeren-Ernte von Juli bis September\",\"Aromatisch-s\u00e4uerliche Fr\u00fcchte mit schwarzer Schale \\u0026 Fruchtfleisch\",\"Pflegeleicht \\u0026 robust gegen\u00fcber Mehltau \\u0026 Gallmilben\"],\"variants\" : [ {\"sku\": \"OP-RINI-0347\",\"available\": true, \"compareAtPriceString\": \"\", \"priceString\": \"18,99 \u20ac\", \"compareAtPrice\": 0.0, \"price\": 18.99, \"sale\":false, \"percentage\":\"\", \"priceCurrency\" : \"EUR\", \"url\" : \"https://shop.plantura.garden/products/bio-schwarze-johannisbeere-ben-sarek?variant=44453509988618\",\"isSet\":false}], \"handle\" : \"bio-schwarze-johannisbeere-ben-sarek\"}, { \"name\": \"Bio-Schwarze Johannisbeere \\u0026#39;Ben Sarek\\u0026#39; Hochstamm\", \"unitPrice\" : \"\", \"compareAtPriceString\": \"\", \"priceString\": \"26,99 \u20ac\", \"compareAtPrice\": 0.0, \"price\": 26.99, \"sale\":false, \"percentage\":\"\", \"badge\": \"new\", \"url\": \"https://shop.plantura.garden/products/bio-schwarze-johannisbeere-ben-sarek-hochstamm\", \"available\": true, \"availabilityInfo\":\"\", \"campaignInfo\":\"pflanzen-draussen\",\"isSet\": false, \"priceLabel\": \"\", \"compareAtPriceLabel\": \"\",\"reviewsData\":{\"reviewCount\": 15, \"reviewAverageValue\": 4.6},\"image\": \"https://shop.plantura.garden/cdn/shop/files/bio-schwarze-johannisbeere-ben-sarek-hochstamm_1476x.png?v=1691766163\", \"overlayImage\": \"https://shop.plantura.garden/cdn/shop/files/bio-siegel-overlay.png?v=1679900479\", \"overlayHidden\": false ,\"tags\": \"balcony,beefriendly,beeren,beerenobst,bio obst,birdfriendly,currant,fruit,hochstamm,johannisbeere,johannisbeerpflanze,johannisbeerstrauch,live plants,organic,outdoor,pflanzen,pot-discount,reiners,ribes nigrum,schwarze johannisbeere,st\u00e4mmchen\",\"bulletPoints\": [\"Reiche Ernte aromatisch-s\u00e4uerlicher Fr\u00fcchte von Juli bis September\",\"Pflegeleicht \\u0026 robust gegen\u00fcber Mehltau \\u0026 Gallmilben\",\"Platzsparender Hochstamm \u2013 ideal f\u00fcr Terrasse, Balkon \\u0026 das Beet\"],\"variants\" : [ {\"sku\": \"OP-RINI-0348\",\"available\": true, \"compareAtPriceString\": \"\", \"priceString\": \"26,99 \u20ac\", \"compareAtPrice\": 0.0, \"price\": 26.99, \"sale\":false, \"percentage\":\"\", \"priceCurrency\" : \"EUR\", \"url\" : \"https://shop.plantura.garden/products/bio-schwarze-johannisbeere-ben-sarek-hochstamm?variant=44591202140426\",\"isSet\":false}], \"handle\" : \"bio-schwarze-johannisbeere-ben-sarek-hochstamm\"}, { \"name\": \"Bio-Schwarze Johannisbeere \\u0026#39;Titania\\u0026#39;\", \"unitPrice\" : \"\", \"compareAtPriceString\": \"\", \"priceString\": \"18,99 \u20ac\", \"compareAtPrice\": 0.0, \"price\": 18.99, \"sale\":false, \"percentage\":\"\", \"badge\": \"new\", \"url\": \"https://shop.plantura.garden/products/bio-schwarze-johannisbeere-titania\", \"available\": true, \"availabilityInfo\":\"\", \"campaignInfo\":\"pflanzen-draussen\",\"isSet\": false, \"priceLabel\": \"\", \"compareAtPriceLabel\": \"\",\"reviewsData\":{\"reviewCount\": 15, \"reviewAverageValue\": 4.6},\"image\": \"https://shop.plantura.garden/cdn/shop/files/bio-schwarze-johannisbeere-titania_1476x.png?v=1692889375\", \"overlayImage\": \"https://shop.plantura.garden/cdn/shop/files/bio-siegel-overlay.png?v=1679900479\", \"overlayHidden\": false ,\"tags\": \"balcony,beefriendly,beeren,beerenobst,bio obst,birdfriendly,currant,fruit,johannisbeere,johannisbeerpflanze,johannisbeerstrauch,live plants,organic,outdoor,pflanzen,pot-discount,reiners,ribes nigrum,schwarze johannisbeere\",\"bulletPoints\": [\"Ertragreiche \\u0026 gesunde Sorte \u2013 auch f\u00fcr Balkon oder Terrasse geeignet\",\"Gro\u00dfe, schwarze Fr\u00fcchte mit hohem Vitamin-C-Gehalt\",\"Kaum sp\u00e4tfrost-empfindlich mit guter Resistenz gegen\u00fcber Sch\u00e4dlingen\"],\"variants\" : [ {\"sku\": \"OP-RINI-0345\",\"available\": true, \"compareAtPriceString\": \"\", \"priceString\": \"18,99 \u20ac\", \"compareAtPrice\": 0.0, \"price\": 18.99, \"sale\":false, \"percentage\":\"\", \"priceCurrency\" : \"EUR\", \"url\" : \"https://shop.plantura.garden/products/bio-schwarze-johannisbeere-titania?variant=44453509693706\",\"isSet\":false}], \"handle\" : \"bio-schwarze-johannisbeere-titania\"}, { \"name\": \"Bio-Schwarze Johannisbeere \\u0026#39;Titania\\u0026#39; Hochstamm\", \"unitPrice\" : \"\", \"compareAtPriceString\": \"\", \"priceString\": \"26,99 \u20ac\", \"compareAtPrice\": 0.0, \"price\": 26.99, \"sale\":false, \"percentage\":\"\", \"badge\": \"new\", \"url\": \"https://shop.plantura.garden/products/bio-schwarze-johannisbeere-titania-hochstamm\", \"available\": true, \"availabilityInfo\":\"\", \"campaignInfo\":\"pflanzen-draussen\",\"isSet\": false, \"priceLabel\": \"\", \"compareAtPriceLabel\": \"\",\"reviewsData\":{\"reviewCount\": 15, \"reviewAverageValue\": 4.6},\"image\": \"https://shop.plantura.garden/cdn/shop/files/bio-schwarze-johannisbeere-titania-hochstamm_1476x.png?v=1691766130\", \"overlayImage\": \"https://shop.plantura.garden/cdn/shop/files/bio-siegel-overlay.png?v=1679900479\", \"overlayHidden\": false ,\"tags\": \"balcony,beefriendly,beeren,beerenobst,bio obst,birdfriendly,currant,fruit,hochstamm,johannisbeere,johannisbeerpflanze,johannisbeerstrauch,live plants,organic,outdoor,pflanzen,pot-discount,reiners,ribes nigrum,schwarze johannisbeere,st\u00e4mmchen\",\"bulletPoints\": [\"Gesunde \\u0026 ertragreiche Sorte mit guter Sch\u00e4dlingsresistenz\",\"Gro\u00dfe, schwarze Fr\u00fcchte \u2013 hoher Vitamin-C-Gehalt\",\"Wuchsform Hochstamm: Ideal f\u00fcr Balkon, Terrasse \\u0026 Beet\"],\"variants\" : [ {\"sku\": \"OP-RINI-0346\",\"available\": true, \"compareAtPriceString\": \"\", \"priceString\": \"26,99 \u20ac\", \"compareAtPrice\": 0.0, \"price\": 26.99, \"sale\":false, \"percentage\":\"\", \"priceCurrency\" : \"EUR\", \"url\" : \"https://shop.plantura.garden/products/bio-schwarze-johannisbeere-titania-hochstamm?variant=44591202042122\",\"isSet\":false}], \"handle\" : \"bio-schwarze-johannisbeere-titania-hochstamm\"}, { \"name\": \"Bio-Stachelbeere \\u0026#39;Hinnonm\u00e4ki gelb\\u0026#39;\", \"unitPrice\" : \"\", \"compareAtPriceString\": \"\", \"priceString\": \"18,99 \u20ac\", \"compareAtPrice\": 0.0, \"price\": 18.99, \"sale\":false, \"percentage\":\"\", \"badge\": \"new\", \"url\": \"https://shop.plantura.garden/products/bio-stachelbeere-hinnonmaeki-gelb\", \"available\": true, \"availabilityInfo\":\"\", \"campaignInfo\":\"pflanzen-draussen\",\"isSet\": false, \"priceLabel\": \"\", \"compareAtPriceLabel\": \"\",\"reviewsData\":{\"reviewCount\": 10, \"reviewAverageValue\": 4.9},\"image\": \"https://shop.plantura.garden/cdn/shop/files/bio-stachelbere-hinnonmaeki-gelb_1476x.png?v=1691766323\", \"overlayImage\": \"https://shop.plantura.garden/cdn/shop/files/bio-siegel-overlay.png?v=1679900479\", \"overlayHidden\": false ,\"tags\": \"balcony,beefriendly,beeren,beerenobst,bio obst,birdfriendly,fruit,gooseberry,live plants,organic,outdoor,pflanzen,pot-discount,reiners,ribes grossularia,ribes uva crispa,stachelbeere,stachelbeerpflanze,stachelbeerstrauch\",\"bulletPoints\": [\"Selbstbefruchtende Sorte mit s\u00fc\u00dflich schmeckenden Fr\u00fcchten\",\"Gelbe, kaum behaarte Stachelbeeren mit festem Fruchtfleisch\",\"Pflegeleicht \\u0026 winterhart mit geringer Anf\u00e4lligkeit f\u00fcr Mehltau\"],\"variants\" : [ {\"sku\": \"OP-RIUV-0355\",\"available\": true, \"compareAtPriceString\": \"\", \"priceString\": \"18,99 \u20ac\", \"compareAtPrice\": 0.0, \"price\": 18.99, \"sale\":false, \"percentage\":\"\", \"priceCurrency\" : \"EUR\", \"url\" : \"https://shop.plantura.garden/products/bio-stachelbeere-hinnonmaeki-gelb?variant=44453511168266\",\"isSet\":false}], \"handle\" : \"bio-stachelbeere-hinnonmaeki-gelb\"}, { \"name\": \"Bio-Stachelbeere \\u0026#39;Hinnonm\u00e4ki gelb\\u0026#39; Hochstamm\", \"unitPrice\" : \"\", \"compareAtPriceString\": \"\", \"priceString\": \"26,99 \u20ac\", \"compareAtPrice\": 0.0, \"price\": 26.99, \"sale\":false, \"percentage\":\"\", \"badge\": \"new\", \"url\": \"https://shop.plantura.garden/products/bio-stachelbeere-hinnonmaeki-gelb-hochstamm\", \"available\": true, \"availabilityInfo\":\"\", \"campaignInfo\":\"pflanzen-draussen\",\"isSet\": false, \"priceLabel\": \"\", \"compareAtPriceLabel\": \"\",\"reviewsData\":{\"reviewCount\": 10, \"reviewAverageValue\": 4.9},\"image\": \"https://shop.plantura.garden/cdn/shop/files/bio-stachelbere-hinnonmaeki-gelb-hochstamm_1476x.png?v=1691766338\", \"overlayImage\": \"https://shop.plantura.garden/cdn/shop/files/bio-siegel-overlay.png?v=1679900479\", \"overlayHidden\": false ,\"tags\": \"balcony,beefriendly,beeren,beerenobst,bio obst,birdfriendly,fruit,gooseberry,hochstamm,live plants,organic,outdoor,pflanzen,pot-discount,reiners,ribes grossularia,ribes uva crispa,stachelbeere,stachelbeerpflanze,stachelbeerstrauch,st\u00e4mmchen\",\"bulletPoints\": [\"Winterharte \\u0026 robuste Bio-Stachelbeere \u2013 widerstandsf\u00e4hig gegen Mehltau\",\"S\u00fc\u00dfliche, kaum behaarte Stachelbeeren mit festem Fruchtfleisch\",\"Hochstamm: Ideal f\u00fcr Balkon, Terrasse \\u0026 Garten\"],\"variants\" : [ {\"sku\": \"OP-RIUV-0356\",\"available\": true, \"compareAtPriceString\": \"\", \"priceString\": \"26,99 \u20ac\", \"compareAtPrice\": 0.0, \"price\": 26.99, \"sale\":false, \"percentage\":\"\", \"priceCurrency\" : \"EUR\", \"url\" : \"https://shop.plantura.garden/products/bio-stachelbeere-hinnonmaeki-gelb-hochstamm?variant=44591202992394\",\"isSet\":false}], \"handle\" : \"bio-stachelbeere-hinnonmaeki-gelb-hochstamm\"}, { \"name\": \"Bio-Stachelbeere \\u0026#39;Hinnonm\u00e4ki rot\\u0026#39;\", \"unitPrice\" : \"\", \"compareAtPriceString\": \"\", \"priceString\": \"18,99 \u20ac\", \"compareAtPrice\": 0.0, \"price\": 18.99, \"sale\":false, \"percentage\":\"\", \"badge\": \"new\", \"url\": \"https://shop.plantura.garden/products/bio-stachelbeere-hinnonmaeki-rot\", \"available\": true, \"availabilityInfo\":\"\", \"campaignInfo\":\"pflanzen-draussen\",\"isSet\": false, \"priceLabel\": \"\", \"compareAtPriceLabel\": \"\",\"reviewsData\":{\"reviewCount\": 10, \"reviewAverageValue\": 4.9},\"image\": \"https://shop.plantura.garden/cdn/shop/files/bio-stachelbere-hinnonmaeki-rot_1476x.png?v=1691766290\", \"overlayImage\": \"https://shop.plantura.garden/cdn/shop/files/bio-siegel-overlay.png?v=1679900479\", \"overlayHidden\": false ,\"tags\": \"balcony,beefriendly,beeren,beerenobst,bio obst,birdfriendly,fruit,gooseberry,live plants,organic,outdoor,pflanzen,pot-discount,reiners,ribes grossularia,ribes uva crispa,stachelbeere,stachelbeerpflanze,stachelbeerstrauch\",\"bulletPoints\": [\"Robuste Bio-Stachelbeere f\u00fcr den Halbschatten\",\"Rote, s\u00fc\u00df schmeckende Fr\u00fcchte von Juli bis August\",\"Widerstandsf\u00e4hig gegen\u00fcber Mehltau \\u0026 sehr gut winterhart\"],\"variants\" : [ {\"sku\": \"OP-RIUV-0353\",\"available\": true, \"compareAtPriceString\": \"\", \"priceString\": \"18,99 \u20ac\", \"compareAtPrice\": 0.0, \"price\": 18.99, \"sale\":false, \"percentage\":\"\", \"priceCurrency\" : \"EUR\", \"url\" : \"https://shop.plantura.garden/products/bio-stachelbeere-hinnonmaeki-rot?variant=44453510775050\",\"isSet\":false}], \"handle\" : \"bio-stachelbeere-hinnonmaeki-rot\"}, { \"name\": \"Bio-Stachelbeere \\u0026#39;Hinnonm\u00e4ki rot\\u0026#39; Hochstamm\", \"unitPrice\" : \"\", \"compareAtPriceString\": \"\", \"priceString\": \"26,99 \u20ac\", \"compareAtPrice\": 0.0, \"price\": 26.99, \"sale\":false, \"percentage\":\"\", \"badge\": \"new\", \"url\": \"https://shop.plantura.garden/products/bio-stachelbeere-hinnonmaeki-rot-hochstamm\", \"available\": true, \"availabilityInfo\":\"\", \"campaignInfo\":\"pflanzen-draussen\",\"isSet\": false, \"priceLabel\": \"\", \"compareAtPriceLabel\": \"\",\"reviewsData\":{\"reviewCount\": 10, \"reviewAverageValue\": 4.9},\"image\": \"https://shop.plantura.garden/cdn/shop/files/bio-stachelbere-hinnonmaeki-rot-hochstamm_1476x.png?v=1691766304\", \"overlayImage\": \"https://shop.plantura.garden/cdn/shop/files/bio-siegel-overlay.png?v=1679900479\", \"overlayHidden\": false ,\"tags\": \"balcony,beefriendly,beeren,beerenobst,bio obst,birdfriendly,fruit,gooseberry,hochstamm,live plants,organic,outdoor,pflanzen,pot-discount,reiners,ribes grossularia,ribes uva crispa,stachelbeere,stachelbeerpflanze,stachelbeerstrauch,st\u00e4mmchen\",\"bulletPoints\": [\"Widerstandsf\u00e4hige Bio-Stachelbeere mit s\u00fc\u00dfen, roten Fr\u00fcchten\",\"Winterhart \\u0026 robust gegen\u00fcber Mehltau\",\"Hochstamm: Perfekt f\u00fcr Balkon, Terrasse oder das Beet\"],\"variants\" : [ {\"sku\": \"OP-RIUV-0354\",\"available\": true, \"compareAtPriceString\": \"\", \"priceString\": \"26,99 \u20ac\", \"compareAtPrice\": 0.0, \"price\": 26.99, \"sale\":false, \"percentage\":\"\", \"priceCurrency\" : \"EUR\", \"url\" : \"https://shop.plantura.garden/products/bio-stachelbeere-hinnonmaeki-rot-hochstamm?variant=44591202861322\",\"isSet\":false}], \"handle\" : \"bio-stachelbeere-hinnonmaeki-rot-hochstamm\"}, { \"name\": \"Bio-Tomaten Samen-Set mit 10 Sorten\", \"unitPrice\" : \"\", \"compareAtPriceString\": \"\", \"priceString\": \"9,99 \u20ac\", \"compareAtPrice\": 0.0, \"price\": 9.99, \"sale\":false, \"percentage\":\"\", \"badge\": \"new\", \"url\": \"https://shop.plantura.garden/products/bio-tomaten-samen-set\", \"available\": true, \"availabilityInfo\":\"\", \"campaignInfo\":\"saatgut\",\"isSet\": false, \"priceLabel\": \"\", \"compareAtPriceLabel\": \"\",\"reviewsData\":{\"reviewCount\": 42, \"reviewAverageValue\": 4.7},\"image\": \"https://shop.plantura.garden/cdn/shop/files/plantura-bio-tomaten-samen-set_1476x.png?v=1691138411\", \"overlayImage\": \"https://shop.plantura.garden/cdn/shop/files/bio-siegel-overlay.png?v=1679900479\", \"overlayHidden\": false ,\"tags\": \"ananas,aussaat,balkon,buschtomate,category_saatgut,fleischtomate,fuzzy wuzzy,gardeners delight,geschenk,golden currant,green zebra,green-week-22,greenweek-geschenkideen,grow vegetables,indigo rose,kartoffelbl\u00e4ttrige tomate,kinder,kirschtomate,matina,obsttomate,rote murmel,saat,saatgut,samen,Samen- & Anzucht-Sets (Geschenkideen),Samen-Sets (Saatgut),schwarze tomate,seed sets,stabtomate,tomatensamen,tomatensorten,wei\u00dfer pfirsich,wildtomate,zuckertraube\",\"bulletPoints\": [\"10 farbenfrohe Sorten im Set - inklusive kostenlosem Online-Kurs zur Anzucht\",\"Keimstarkes und samenfestes Bio-Saatgut f\u00fcr Garten \\u0026 Balkon\",\"Nachhaltige Geschenkidee mit liebevoll illustrierter Verpackung\"],\"variants\" : [ {\"sku\": \"SS-PTSS-10ST\",\"available\": true, \"compareAtPriceString\": \"\", \"priceString\": \"9,99 \u20ac\", \"compareAtPrice\": 0.0, \"price\": 9.99, \"sale\":false, \"percentage\":\"\", \"priceCurrency\" : \"EUR\", \"url\" : \"https://shop.plantura.garden/products/bio-tomaten-samen-set?variant=39915017404504\",\"isSet\":false}], \"handle\" : \"bio-tomaten-samen-set\"}, { \"name\": \"Bio-Tomaten- \\u0026amp; Gem\u00fcsed\u00fcnger 800 ml\", \"unitPrice\" : \"Grundpreis: 16,24 \u20ac/l\", \"compareAtPriceString\": \"\", \"priceString\": \"12,99 \u20ac\", \"compareAtPrice\": 0.0, \"price\": 12.99, \"sale\":false, \"percentage\":\"\", \"badge\": \"new\", \"url\": \"https://shop.plantura.garden/products/bio-tomaten-und-gemueseduenger-800-ml\", \"available\": true, \"availabilityInfo\":\"\", \"campaignInfo\":\"duenger\",\"isSet\": false, \"priceLabel\": \"\", \"compareAtPriceLabel\": \"\",\"reviewsData\":{\"reviewCount\": 97, \"reviewAverageValue\": 4.9},\"image\": \"https://shop.plantura.garden/cdn/shop/files/fluessigduenger-gemuese-tomaten-plantura_1476x.png?v=1690809039\",\"tags\": \"aubergine,beerend\u00fcnger,blumenkohl,bohne,category_d\u00fcnger,chili,chilli,erdbeere,fertilizer,fl\u00fcssigd\u00fcnger,Gem\u00fcse,grow fruit,grow vegetables,gurke,kalium,karotte,kartoffel,knoblauch,k\u00fcrbis,liquid fertilizer,m\u00f6hre,organischer d\u00fcnger,paprika,pflanzend\u00fcnger,radieschen,rhabarber,Tomaten,vinasse,zucchini,zwiebel\",\"bulletPoints\": [\"Organischer Fl\u00fcssigd\u00fcnger f\u00fcr Tomaten \\u0026 anderes Gem\u00fcse\",\"F\u00fcr gesundes Wachstum sowie eine reiche \\u0026 aromatische Ernte\",\"Schnelle \\u0026 einfache Gie\u00dfanwendung - unbedenklich f\u00fcr Haus- \\u0026 Gartentiere\"],\"customImages\": {},\"variants\" : [ {\"sku\": \"5A-XPXO-GF43\",\"available\": true, \"compareAtPriceString\": \"\", \"priceString\": \"12,99 \u20ac\", \"compareAtPrice\": 0.0, \"price\": 12.99, \"sale\":false, \"percentage\":\"\", \"priceCurrency\" : \"EUR\", \"url\" : \"https://shop.plantura.garden/products/bio-tomaten-und-gemueseduenger-800-ml?variant=33327276294232\",\"isSet\":false}, {\"sku\": \"5E-K67X-G0X6\",\"available\": true, \"compareAtPriceString\": \"25,98 \u20ac\", \"priceString\": \"24,99 \u20ac\", \"compareAtPrice\": 25.98, \"price\": 24.99, \"sale\":true, \"percentage\":\"4%\", \"priceCurrency\" : \"EUR\", \"url\" : \"https://shop.plantura.garden/products/bio-tomaten-und-gemueseduenger-800-ml?variant=33327276327000\",\"isSet\":true }, {\"sku\": \"W5-OP43-GBSU\",\"available\": true, \"compareAtPriceString\": \"51,96 \u20ac\", \"priceString\": \"47,99 \u20ac\", \"compareAtPrice\": 51.96, \"price\": 47.99, \"sale\":true, \"percentage\":\"8%\", \"priceCurrency\" : \"EUR\", \"url\" : \"https://shop.plantura.garden/products/bio-tomaten-und-gemueseduenger-800-ml?variant=33327276359768\",\"isSet\":true }, {\"sku\": \"IO-BOZ9-B947\",\"available\": true, \"compareAtPriceString\": \"155,88 \u20ac\", \"priceString\": \"140,99 \u20ac\", \"compareAtPrice\": 155.88, \"price\": 140.99, \"sale\":true, \"percentage\":\"10%\", \"priceCurrency\" : \"EUR\", \"url\" : \"https://shop.plantura.garden/products/bio-tomaten-und-gemueseduenger-800-ml?variant=33327276392536\",\"isSet\":true }], \"handle\" : \"bio-tomaten-und-gemueseduenger-800-ml\"}, { \"name\": \"Bio-Tomaten- \\u0026amp; Gem\u00fcseerde 40 L\", \"unitPrice\" : \"Grundpreis: 0,42 \u20ac/l\", \"compareAtPriceString\": \"\", \"priceString\": \"16,99 \u20ac\", \"compareAtPrice\": 0.0, \"price\": 16.99, \"sale\":false, \"percentage\":\"\", \"badge\": \"new\", \"url\": \"https://shop.plantura.garden/products/bio-tomaten-und-gemueseerde-40-l\", \"available\": true, \"availabilityInfo\":\"\", \"campaignInfo\":\"erden\",\"isSet\": false, \"priceLabel\": \"\", \"compareAtPriceLabel\": \"\",\"reviewsData\":{\"reviewCount\": 138, \"reviewAverageValue\": 4.9},\"image\": \"https://shop.plantura.garden/cdn/shop/files/bio-tomaten-und-gemueseerde-plantura_1476x.png?v=1691048793\",\"tags\": \"aubergine,blumenkohl,bohne,category_erde,chili,chilli,erdbeere,Gem\u00fcse,grow fruit,grow vegetables,gurke,hochbeet,kalium,karotte,kartoffel,kartoffelerde,knoblauch,kokos,kompost,k\u00fcrbis,m\u00f6hre,paprika,pflanzerde,radieschen,rhabarber,soils sand chalk & mulch,substrat,tomate,zucchini\",\"bulletPoints\": [\"Ideal f\u00fcr Tomaten \\u0026 anderes Gem\u00fcse wie Chili, Zucchini \\u0026 Co.\",\"Sorgt f\u00fcr ein gesundes Pflanzenwachstum \\u0026 eine reiche Ernte\",\"Torffrei \\u0026 klimafreundlich: CO\\u003csub\\u003e2\\u003c\\/sub\\u003e-reduzierte Bio-Erde hergestellt in Deutschland\"],\"variants\" : [ {\"sku\": \"1F-9GTY-R94E\",\"available\": true, \"compareAtPriceString\": \"\", \"priceString\": \"16,99 \u20ac\", \"compareAtPrice\": 0.0, \"price\": 16.99, \"sale\":false, \"percentage\":\"\", \"priceCurrency\" : \"EUR\", \"url\" : \"https://shop.plantura.garden/products/bio-tomaten-und-gemueseerde-40-l?variant=33327401336920\",\"isSet\":false}, {\"sku\": \"IY-JXDG-1XP6\",\"available\": true, \"compareAtPriceString\": \"33,98 \u20ac\", \"priceString\": \"31,99 \u20ac\", \"compareAtPrice\": 33.98, \"price\": 31.99, \"sale\":true, \"percentage\":\"6%\", \"priceCurrency\" : \"EUR\", \"url\" : \"https://shop.plantura.garden/products/bio-tomaten-und-gemueseerde-40-l?variant=33327401369688\",\"isSet\":true }, {\"sku\": \"HG-NRKK-XDNA\",\"available\": true, \"compareAtPriceString\": \"67,96 \u20ac\", \"priceString\": \"62,99 \u20ac\", \"compareAtPrice\": 67.96, \"price\": 62.99, \"sale\":true, \"percentage\":\"7%\", \"priceCurrency\" : \"EUR\", \"url\" : \"https://shop.plantura.garden/products/bio-tomaten-und-gemueseerde-40-l?variant=33327401402456\",\"isSet\":true }], \"handle\" : \"bio-tomaten-und-gemueseerde-40-l\"}, { \"name\": \"Bio-Tomaten- \\u0026amp; Gem\u00fcseerde Palette 60 x 40 L\", \"unitPrice\" : \"Grundpreis: 0,29 \u20ac/l\", \"compareAtPriceString\": \"1.019,40 \u20ac\", \"priceString\": \"699,99 \u20ac\", \"compareAtPrice\": 1019.4, \"price\": 699.99, \"sale\":false, \"percentage\":\"31%\", \"badge\": \"new\", \"url\": \"https://shop.plantura.garden/products/palette-bio-tomaten-gemuseerde-40-l\", \"available\": true, \"availabilityInfo\":\"\", \"campaignInfo\":\"erden\",\"isSet\": true, \"priceLabel\": \"Im Set\", \"compareAtPriceLabel\": \"Einzeln\",\"reviewsData\":{\"reviewCount\": 1, \"reviewAverageValue\": 5.0},\"image\": \"https://shop.plantura.garden/cdn/shop/files/bio-tomaten-und-gemueseerde-palette-plantura_1476x.png?v=1691395610\",\"tags\": \"category_erde,Gem\u00fcse,grow vegetables,soils sand chalk & mulch\",\"variants\" : [ {\"sku\": \"EP-9GTY-TE60\",\"available\": true, \"compareAtPriceString\": \"1.019,40 \u20ac\", \"priceString\": \"699,99 \u20ac\", \"compareAtPrice\": 1019.4, \"price\": 699.99, \"sale\":true, \"percentage\":\"31%\", \"priceCurrency\" : \"EUR\", \"url\" : \"https://shop.plantura.garden/products/palette-bio-tomaten-gemuseerde-40-l?variant=39474878251096\",\"isSet\":true }], \"handle\" : \"palette-bio-tomaten-gemuseerde-40-l\"}, { \"name\": \"Bio-Tomatend\u00fcnger 1,5 kg\", \"unitPrice\" : \"Grundpreis: 9,99 \u20ac/kg\", \"compareAtPriceString\": \"\", \"priceString\": \"14,99 \u20ac\", \"compareAtPrice\": 0.0, \"price\": 14.99, \"sale\":false, \"percentage\":\"\", \"badge\": \"new\", \"url\": \"https://shop.plantura.garden/products/bio-tomatenduenger-1-5-kg\", \"available\": true, \"availabilityInfo\":\"\", \"campaignInfo\":\"duenger\",\"isSet\": false, \"priceLabel\": \"\", \"compareAtPriceLabel\": \"\",\"reviewsData\":{\"reviewCount\": 105, \"reviewAverageValue\": 4.8},\"image\": \"https://shop.plantura.garden/cdn/shop/files/tomatenduenger-plantura_1476x.png?v=1691046647\",\"tags\": \"aubergine,beerend\u00fcnger,blumenkohl,bohne,category_d\u00fcnger,chili,chilli,erdbeere,fertilizer,Gem\u00fcse,granulatd\u00fcnger,grow fruit,grow vegetables,gurke,kalium,karotte,kartoffel,knoblauch,k\u00fcrbis,langzeitd\u00fcnger,m\u00f6hre,paprika,pflanzend\u00fcnger,radieschen,rhabarber,Tomaten,vinasse,zucchini,zwiebel\",\"bulletPoints\": [\"Ideal geeignet f\u00fcr Tomaten, Chili, Zucchini, Gurke \\u0026 Co.\",\"F\u00fcr gest\u00e4rkte Pflanzen \\u0026 eine aromatische, reiche Ernte\",\"Tierfreier Bio-Langzeitd\u00fcnger - unbedenklich f\u00fcr Haus- \\u0026 Gartentiere\"],\"customImages\": {},\"variants\" : [ {\"sku\": \"ZI-3PMQ-CN5C\",\"available\": true, \"compareAtPriceString\": \"\", \"priceString\": \"14,99 \u20ac\", \"compareAtPrice\": 0.0, \"price\": 14.99, \"sale\":false, \"percentage\":\"\", \"priceCurrency\" : \"EUR\", \"url\" : \"https://shop.plantura.garden/products/bio-tomatenduenger-1-5-kg?variant=33327394914392\",\"isSet\":false}, {\"sku\": \"AL-UHRH-WP4J\",\"available\": true, \"compareAtPriceString\": \"29,98 \u20ac\", \"priceString\": \"28,99 \u20ac\", \"compareAtPrice\": 29.98, \"price\": 28.99, \"sale\":true, \"percentage\":\"3%\", \"priceCurrency\" : \"EUR\", \"url\" : \"https://shop.plantura.garden/products/bio-tomatenduenger-1-5-kg?variant=33327394947160\",\"isSet\":true }, {\"sku\": \"VL-I6TH-TLJW\",\"available\": true, \"compareAtPriceString\": \"59,96 \u20ac\", \"priceString\": \"55,99 \u20ac\", \"compareAtPrice\": 59.96, \"price\": 55.99, \"sale\":true, \"percentage\":\"7%\", \"priceCurrency\" : \"EUR\", \"url\" : \"https://shop.plantura.garden/products/bio-tomatenduenger-1-5-kg?variant=33327394979928\",\"isSet\":true }, {\"sku\": \"QE-PTGW-90UN\",\"available\": true, \"compareAtPriceString\": \"119,92 \u20ac\", \"priceString\": \"107,99 \u20ac\", \"compareAtPrice\": 119.92, \"price\": 107.99, \"sale\":true, \"percentage\":\"10%\", \"priceCurrency\" : \"EUR\", \"url\" : \"https://shop.plantura.garden/products/bio-tomatenduenger-1-5-kg?variant=33327395012696\",\"isSet\":true }], \"handle\" : \"bio-tomatenduenger-1-5-kg\"}, { \"name\": \"Bio-Universald\u00fcnger 1,5 kg\", \"unitPrice\" : \"Grundpreis: 9,99 \u20ac/kg\", \"compareAtPriceString\": \"\", \"priceString\": \"14,99 \u20ac\", \"compareAtPrice\": 0.0, \"price\": 14.99, \"sale\":false, \"percentage\":\"\", \"badge\": \"new\", \"url\": \"https://shop.plantura.garden/products/bio-universalduenger-1-5-kg\", \"available\": true, \"availabilityInfo\":\"\", \"campaignInfo\":\"duenger\",\"isSet\": false, \"priceLabel\": \"\", \"compareAtPriceLabel\": \"\",\"reviewsData\":{\"reviewCount\": 171, \"reviewAverageValue\": 4.7},\"image\": \"https://shop.plantura.garden/cdn/shop/files/bio-universalduenger-plantura_1476x.png?v=1690815804\",\"tags\": \"beeren,blume,Blumen,buchsbaum,buchsbaumd\u00fcnger,category_d\u00fcnger,feigenbaum,fertilizer,Gem\u00fcse,granulatd\u00fcnger,grow herbs,Hecken & Str\u00e4ucher,kirschlorbeer,knoblauch,koniferend\u00fcnger,Kr\u00e4uter,Kr\u00e4uter & Gr\u00fcnpflanzen,langzeitd\u00fcnger,lavendel,oleander,palme,palmen,pampasgras,pflanzend\u00fcnger,salat,Zimmerpflanzen\",\"bulletPoints\": [\"Ideal f\u00fcr eine Vielzahl an Pflanzen im Garten \\u0026 auf dem Balkon\",\"Unterst\u00fctzt gesundes Pflanzenwachstum sowie ein aktives Bodenleben\",\"Tierfreier Bio-Langzeitd\u00fcnger - unbedenklich f\u00fcr Haus- \\u0026 Gartentiere\"],\"customImages\": {},\"variants\" : [ {\"sku\": \"JX-DSCZ-BZS8\",\"available\": true, \"compareAtPriceString\": \"\", \"priceString\": \"14,99 \u20ac\", \"compareAtPrice\": 0.0, \"price\": 14.99, \"sale\":false, \"percentage\":\"\", \"priceCurrency\" : \"EUR\", \"url\" : \"https://shop.plantura.garden/products/bio-universalduenger-1-5-kg?variant=33327323938904\",\"isSet\":false}, {\"sku\": \"IM-SII4-6JJ1\",\"available\": true, \"compareAtPriceString\": \"29,98 \u20ac\", \"priceString\": \"28,99 \u20ac\", \"compareAtPrice\": 29.98, \"price\": 28.99, \"sale\":true, \"percentage\":\"3%\", \"priceCurrency\" : \"EUR\", \"url\" : \"https://shop.plantura.garden/products/bio-universalduenger-1-5-kg?variant=33327323971672\",\"isSet\":true }, {\"sku\": \"2Z-32R6-DM3P\",\"available\": true, \"compareAtPriceString\": \"59,96 \u20ac\", \"priceString\": \"55,99 \u20ac\", \"compareAtPrice\": 59.96, \"price\": 55.99, \"sale\":true, \"percentage\":\"7%\", \"priceCurrency\" : \"EUR\", \"url\" : \"https://shop.plantura.garden/products/bio-universalduenger-1-5-kg?variant=33327324004440\",\"isSet\":true }, {\"sku\": \"G7-3QVI-EFNB\",\"available\": true, \"compareAtPriceString\": \"119,92 \u20ac\", \"priceString\": \"107,99 \u20ac\", \"compareAtPrice\": 119.92, \"price\": 107.99, \"sale\":true, \"percentage\":\"10%\", \"priceCurrency\" : \"EUR\", \"url\" : \"https://shop.plantura.garden/products/bio-universalduenger-1-5-kg?variant=33327324037208\",\"isSet\":true }], \"handle\" : \"bio-universalduenger-1-5-kg\"}, { \"name\": \"Bio-Universalerde 40 L\", \"unitPrice\" : \"Grundpreis: 0,42 \u20ac/l\", \"compareAtPriceString\": \"\", \"priceString\": \"16,99 \u20ac\", \"compareAtPrice\": 0.0, \"price\": 16.99, \"sale\":false, \"percentage\":\"\", \"badge\": \"bestseller\", \"url\": \"https://shop.plantura.garden/products/bio-universalerde-40-l\", \"available\": true, \"availabilityInfo\":\"\", \"campaignInfo\":\"erden\",\"isSet\": false, \"priceLabel\": \"\", \"compareAtPriceLabel\": \"\",\"reviewsData\":{\"reviewCount\": 175, \"reviewAverageValue\": 4.7},\"image\": \"https://shop.plantura.garden/cdn/shop/files/bio-universalerde-plantura_1476x.png?v=1691049195\",\"tags\": \"Aussaat & Kr\u00e4uter,balkon,bestseller,Blumen,buchsbaum,B\u00e4ume & Str\u00e4ucher,category_erde,chili,chilli,feigenbaum,Gem\u00fcse,grow houseplants,hecke,kakteenerde,kirschlorbeer,knoblauch,kokos,kompost,Kr\u00e4uter,monstera,oleander,olivenbaum,orchideenerde,palmen,palmenerde,pampasgras,pflanzenerde,pflanzerde,rosen,salat,soils sand chalk & mulch,stauden,substrat,tomate,Zimmerpflanzen,zimmerpflanzenerde,Zitrus- & Mediterranpflanzen\",\"bulletPoints\": [\"Ideal f\u00fcr alle Pflanzen im Haus, Garten \\u0026 auf dem Balkon geeignet\",\"Sorgt f\u00fcr eine vitale \\u0026 kr\u00e4ftige Pflanzenpracht sowie ein gesundes Bodenleben\",\"Torffrei \\u0026 klimafreundlich: CO\\u003csub\\u003e2\\u003c\\/sub\\u003e-reduzierte Bio-Erde hergestellt in Deutschland\"],\"variants\" : [ {\"sku\": \"3S-QX7Q-LGL0\",\"available\": true, \"compareAtPriceString\": \"\", \"priceString\": \"16,99 \u20ac\", \"compareAtPrice\": 0.0, \"price\": 16.99, \"sale\":false, \"percentage\":\"\", \"priceCurrency\" : \"EUR\", \"url\" : \"https://shop.plantura.garden/products/bio-universalerde-40-l?variant=33327415623768\",\"isSet\":false}, {\"sku\": \"31-1025-CCXV\",\"available\": true, \"compareAtPriceString\": \"33,98 \u20ac\", \"priceString\": \"31,99 \u20ac\", \"compareAtPrice\": 33.98, \"price\": 31.99, \"sale\":true, \"percentage\":\"6%\", \"priceCurrency\" : \"EUR\", \"url\" : \"https://shop.plantura.garden/products/bio-universalerde-40-l?variant=33327415656536\",\"isSet\":true }, {\"sku\": \"Y1-T307-03DR\",\"available\": true, \"compareAtPriceString\": \"67,96 \u20ac\", \"priceString\": \"62,99 \u20ac\", \"compareAtPrice\": 67.96, \"price\": 62.99, \"sale\":true, \"percentage\":\"7%\", \"priceCurrency\" : \"EUR\", \"url\" : \"https://shop.plantura.garden/products/bio-universalerde-40-l?variant=33327415689304\",\"isSet\":true }], \"handle\" : \"bio-universalerde-40-l\"}, { \"name\": \"Bio-Universalerde Palette 60 x 40 L\", \"unitPrice\" : \"Grundpreis: 0,29 \u20ac/l\", \"compareAtPriceString\": \"1.019,40 \u20ac\", \"priceString\": \"699,99 \u20ac\", \"compareAtPrice\": 1019.4, \"price\": 699.99, \"sale\":false, \"percentage\":\"31%\", \"badge\": \"bestseller\", \"url\": \"https://shop.plantura.garden/products/palette-bio-universalerde-40-l\", \"available\": true, \"availabilityInfo\":\"\", \"campaignInfo\":\"erden\",\"isSet\": true, \"priceLabel\": \"Im Set\", \"compareAtPriceLabel\": \"Einzeln\",\"reviewsData\":{\"reviewCount\": 0, \"reviewAverageValue\": 0.0},\"image\": \"https://shop.plantura.garden/cdn/shop/files/bio-universalerde-palette-plantura_1476x.png?v=1691395493\",\"tags\": \"Aussaat & Kr\u00e4uter,Blumen,B\u00e4ume & Str\u00e4ucher,category_erde,Gem\u00fcse,grow houseplants,soils sand chalk & mulch,Zimmerpflanzen\",\"variants\" : [ {\"sku\": \"EP-QX7Q-UE60\",\"available\": true, \"compareAtPriceString\": \"1.019,40 \u20ac\", \"priceString\": \"699,99 \u20ac\", \"compareAtPrice\": 1019.4, \"price\": 699.99, \"sale\":true, \"percentage\":\"31%\", \"priceCurrency\" : \"EUR\", \"url\" : \"https://shop.plantura.garden/products/palette-bio-universalerde-40-l?variant=39472814751832\",\"isSet\":true }], \"handle\" : \"palette-bio-universalerde-40-l\"}, { \"name\": \"Bio-Zimmer- \\u0026amp; Gr\u00fcnpflanzend\u00fcnger 800 ml\", \"unitPrice\" : \"Grundpreis: 16,24 \u20ac/l\", \"compareAtPriceString\": \"\", \"priceString\": \"12,99 \u20ac\", \"compareAtPrice\": 0.0, \"price\": 12.99, \"sale\":false, \"percentage\":\"\", \"badge\": \"bestseller\", \"url\": \"https://shop.plantura.garden/products/bio-zimmer-und-gruenpflanzenduenger-800-ml\", \"available\": true, \"availabilityInfo\":\"\", \"campaignInfo\":\"duenger\",\"isSet\": false, \"priceLabel\": \"\", \"compareAtPriceLabel\": \"\",\"reviewsData\":{\"reviewCount\": 134, \"reviewAverageValue\": 4.8},\"image\": \"https://shop.plantura.garden/cdn/shop/files/gruenpflanzen-duenger-plantura_1476x.png?v=1690809325\",\"tags\": \"buchsbaum,category_d\u00fcnger,fertilizer,fl\u00fcssigd\u00fcnger,grow herbs,grow houseplants,kaktee,koniferend\u00fcnger,Kr\u00e4uter,liquid fertilizer,monstera,palme,pflanzend\u00fcnger,sukkulente,topf,vinasse,zimmerpflanze,Zimmerpflanzen\",\"bulletPoints\": [\"Ideal geeignet f\u00fcr eine Vielzahl an Gr\u00fcnpflanzen \\u0026 Zimmerpflanzen\",\"Bio-Fl\u00fcssigd\u00fcnger f\u00fcr gesundes Wachstum \\u0026 kraftvolle Pflanzen\",\"Schnelle \\u0026 einfache Gie\u00dfanwendung - unbedenklich f\u00fcr Haus- \\u0026 Gartentiere\"],\"customImages\": {},\"variants\" : [ {\"sku\": \"N9-KEM2-VRB0\",\"available\": true, \"compareAtPriceString\": \"\", \"priceString\": \"12,99 \u20ac\", \"compareAtPrice\": 0.0, \"price\": 12.99, \"sale\":false, \"percentage\":\"\", \"priceCurrency\" : \"EUR\", \"url\" : \"https://shop.plantura.garden/products/bio-zimmer-und-gruenpflanzenduenger-800-ml?variant=33327260958808\",\"isSet\":false}, {\"sku\": \"WP-P11G-ZAMS\",\"available\": true, \"compareAtPriceString\": \"25,98 \u20ac\", \"priceString\": \"24,99 \u20ac\", \"compareAtPrice\": 25.98, \"price\": 24.99, \"sale\":true, \"percentage\":\"4%\", \"priceCurrency\" : \"EUR\", \"url\" : \"https://shop.plantura.garden/products/bio-zimmer-und-gruenpflanzenduenger-800-ml?variant=33327260991576\",\"isSet\":true }, {\"sku\": \"N5-WIOX-SVHK\",\"available\": true, \"compareAtPriceString\": \"51,96 \u20ac\", \"priceString\": \"47,99 \u20ac\", \"compareAtPrice\": 51.96, \"price\": 47.99, \"sale\":true, \"percentage\":\"8%\", \"priceCurrency\" : \"EUR\", \"url\" : \"https://shop.plantura.garden/products/bio-zimmer-und-gruenpflanzenduenger-800-ml?variant=33327261024344\",\"isSet\":true }, {\"sku\": \"HH-OSTM-08WK\",\"available\": true, \"compareAtPriceString\": \"155,88 \u20ac\", \"priceString\": \"140,99 \u20ac\", \"compareAtPrice\": 155.88, \"price\": 140.99, \"sale\":true, \"percentage\":\"10%\", \"priceCurrency\" : \"EUR\", \"url\" : \"https://shop.plantura.garden/products/bio-zimmer-und-gruenpflanzenduenger-800-ml?variant=33327261057112\",\"isSet\":true }], \"handle\" : \"bio-zimmer-und-gruenpflanzenduenger-800-ml\"}, { \"name\": \"Bio-Zitrus- \\u0026amp; Mediterrand\u00fcnger 800 ml\", \"unitPrice\" : \"Grundpreis: 16,24 \u20ac/l\", \"compareAtPriceString\": \"\", \"priceString\": \"12,99 \u20ac\", \"compareAtPrice\": 0.0, \"price\": 12.99, \"sale\":false, \"percentage\":\"\", \"badge\": \"bestseller\", \"url\": \"https://shop.plantura.garden/products/bio-zitrus-und-mediterranduenger-800-ml\", \"available\": true, \"availabilityInfo\":\"\", \"campaignInfo\":\"duenger\",\"isSet\": false, \"priceLabel\": \"\", \"compareAtPriceLabel\": \"\",\"reviewsData\":{\"reviewCount\": 71, \"reviewAverageValue\": 4.8},\"image\": \"https://shop.plantura.garden/cdn/shop/files/zitrusduenger-bio-plantura_1476x.png?v=1690810239\",\"tags\": \"category_d\u00fcnger,clementine,feige,fl\u00fcssigd\u00fcnger,grapefruit,kumquat,limette,liquid fertilizer,mandarine,mediterranpflanzen,olive,olivenbaum,orange,palme,palmend\u00fcnger,pampelmuse,pflanzend\u00fcnger,vinasse,zitrone,zitronenbaum,Zitrus- & Mediterranpflanzen,zitruspflanzen\",\"bulletPoints\": [\"Ideal f\u00fcr alle Zitrus- \\u0026 Mediterranpflanzen geeignet\",\"Bio-Fl\u00fcssigd\u00fcnger f\u00fcr kraftvolle Pflanzen \\u0026 aromatische Fr\u00fcchte\",\"Schnelle \\u0026 einfache Gie\u00dfanwendung - unbedenklich f\u00fcr Haus- \\u0026 Gartentiere\"],\"customImages\": {},\"variants\" : [ {\"sku\": \"NX-KOH4-FQPI\",\"available\": true, \"compareAtPriceString\": \"\", \"priceString\": \"12,99 \u20ac\", \"compareAtPrice\": 0.0, \"price\": 12.99, \"sale\":false, \"percentage\":\"\", \"priceCurrency\" : \"EUR\", \"url\" : \"https://shop.plantura.garden/products/bio-zitrus-und-mediterranduenger-800-ml?variant=33327255093336\",\"isSet\":false}, {\"sku\": \"N9-1WWV-DBWB\",\"available\": true, \"compareAtPriceString\": \"25,98 \u20ac\", \"priceString\": \"24,99 \u20ac\", \"compareAtPrice\": 25.98, \"price\": 24.99, \"sale\":true, \"percentage\":\"4%\", \"priceCurrency\" : \"EUR\", \"url\" : \"https://shop.plantura.garden/products/bio-zitrus-und-mediterranduenger-800-ml?variant=33327255126104\",\"isSet\":true }, {\"sku\": \"TR-WW5I-4H19\",\"available\": true, \"compareAtPriceString\": \"51,96 \u20ac\", \"priceString\": \"47,99 \u20ac\", \"compareAtPrice\": 51.96, \"price\": 47.99, \"sale\":true, \"percentage\":\"8%\", \"priceCurrency\" : \"EUR\", \"url\" : \"https://shop.plantura.garden/products/bio-zitrus-und-mediterranduenger-800-ml?variant=33327255158872\",\"isSet\":true }, {\"sku\": \"0S-94DV-9QZQ\",\"available\": true, \"compareAtPriceString\": \"155,88 \u20ac\", \"priceString\": \"140,99 \u20ac\", \"compareAtPrice\": 155.88, \"price\": 140.99, \"sale\":true, \"percentage\":\"10%\", \"priceCurrency\" : \"EUR\", \"url\" : \"https://shop.plantura.garden/products/bio-zitrus-und-mediterranduenger-800-ml?variant=33327255191640\",\"isSet\":true }], \"handle\" : \"bio-zitrus-und-mediterranduenger-800-ml\"}, { \"name\": \"Bio-Zwetschgenbaum \\u0026#39;Hauszwetsche\\u0026#39;\", \"unitPrice\" : \"\", \"compareAtPriceString\": \"\", \"priceString\": \"39,99 \u20ac\", \"compareAtPrice\": 0.0, \"price\": 39.99, \"sale\":false, \"percentage\":\"\", \"badge\": \"bestseller\", \"url\": \"https://shop.plantura.garden/products/bio-zwetschgenbaum-hauszwetsche\", \"available\": false, \"availabilityInfo\":\"Verf\u00fcgbar ab Fr\u00fchjahr 2024\", \"campaignInfo\":\"pflanzen-draussen\",\"isSet\": false, \"priceLabel\": \"\", \"compareAtPriceLabel\": \"\",\"reviewsData\":{\"reviewCount\": 1, \"reviewAverageValue\": 5.0},\"image\": \"https://shop.plantura.garden/cdn/shop/files/bio-zwetschgenbaum-hauszwetsche_1476x.png?v=1692798605\", \"overlayImage\": \"https://shop.plantura.garden/cdn/shop/files/bio-siegel-overlay.png?v=1679900479\", \"overlayHidden\": false ,\"tags\": \"beefriendly,bio obst,birdfriendly,damson,fruit,live plants,obstbaum,organic,outdoor,pflanzen,pflaume,pflaumenbaum,pot-discount,prunus domestica,quetsche,quetschenbaum,reiners,zwetsche,zwetschenbaum,zwetschge,zwetschgenbaum,zwetschke,zwetschkenbaum\",\"bulletPoints\": [\"Selbstfruchtende, historische Sorte mit einer \u00fcppigen Ernte ab September\",\"S\u00fc\u00df bis mild sauer schmeckende Fr\u00fcchte, die sich leicht vom Stein l\u00f6sen\",\"Sehr robust \\u0026 gesund \u2013 verl\u00e4sslicher Klassiker f\u00fcr den Hausgarten\"],\"variants\" : [ {\"sku\": \"OP-PRDO-0320\",\"available\": false, \"compareAtPriceString\": \"\", \"priceString\": \"39,99 \u20ac\", \"compareAtPrice\": 0.0, \"price\": 39.99, \"sale\":false, \"percentage\":\"\", \"priceCurrency\" : \"EUR\", \"url\" : \"https://shop.plantura.garden/products/bio-zwetschgenbaum-hauszwetsche?variant=44453503435018\",\"isSet\":false}], \"handle\" : \"bio-zwetschgenbaum-hauszwetsche\"}, { \"name\": \"Bio-Zwetschgenbaum \\u0026#39;Presenta\\u0026#39;\", \"unitPrice\" : \"\", \"compareAtPriceString\": \"\", \"priceString\": \"59,99 \u20ac\", \"compareAtPrice\": 0.0, \"price\": 59.99, \"sale\":false, \"percentage\":\"\", \"badge\": \"bestseller\", \"url\": \"https://shop.plantura.garden/products/bio-zwetschgenbaum-presenta\", \"available\": false, \"availabilityInfo\":\"Verf\u00fcgbar ab Fr\u00fchjahr 2024\", \"campaignInfo\":\"pflanzen-draussen\",\"isSet\": false, \"priceLabel\": \"\", \"compareAtPriceLabel\": \"\",\"reviewsData\":{\"reviewCount\": 0, \"reviewAverageValue\": 0.0},\"image\": \"https://shop.plantura.garden/cdn/shop/files/bio-zwetschgenbaum-presenta_1969x.png?v=1691765678\", \"overlayImage\": \"https://shop.plantura.garden/cdn/shop/files/bio-siegel-overlay.png?v=1679900479\", \"overlayHidden\": false ,\"tags\": \"beefriendly,bio obst,birdfriendly,damson,fruit,live plants,obstbaum,organic,outdoor,pflanzen,pflaume,pflaumenbaum,pot-discount,prunus domestica,quetsche,quetschenbaum,reiners,zwetsche,zwetschenbaum,zwetschge,zwetschgenbaum,zwetschke,zwetschkenbaum\",\"bulletPoints\": [\"Neue Sorte mit herrlich s\u00fc\u00dfen Zwetschgen \u2013 ideal f\u00fcr den Naschgarten\",\"Leuchtend blaue \\u0026 duftende Fr\u00fcchte mit saftigem Fruchtfleisch\",\"Sehr gut winterhart, pflegeleicht \\u0026 kaum krankheitsanf\u00e4llig\"],\"variants\" : [ {\"sku\": \"OP-PRDO-0322\",\"available\": false, \"compareAtPriceString\": \"\", \"priceString\": \"59,99 \u20ac\", \"compareAtPrice\": 0.0, \"price\": 59.99, \"sale\":false, \"percentage\":\"\", \"priceCurrency\" : \"EUR\", \"url\" : \"https://shop.plantura.garden/products/bio-zwetschgenbaum-presenta?variant=44453503795466\",\"isSet\":false}], \"handle\" : \"bio-zwetschgenbaum-presenta\"}, { \"name\": \"Blattschmuck-Zimmerpflanzen (3er Set)\", \"unitPrice\" : \"\", \"compareAtPriceString\": \"58,97 \u20ac\", \"priceString\": \"49,99 \u20ac\", \"compareAtPrice\": 58.97, \"price\": 49.99, \"sale\":false, \"percentage\":\"15%\", \"badge\": \"angebot\", \"url\": \"https://shop.plantura.garden/products/blattschmuck-zimmerpflanzen-3er-set\", \"available\": true, \"availabilityInfo\":\"\", \"campaignInfo\":\"zimmerpflanzen\",\"isSet\": true, \"priceLabel\": \"Im Set\", \"compareAtPriceLabel\": \"Einzeln\",\"reviewsData\":{\"reviewCount\": 1, \"reviewAverageValue\": 4.0},\"image\": \"https://shop.plantura.garden/cdn/shop/files/plantura-blattschmuck-zimmerpflanzen-set-kaufen_1476x.png?v=1693465162\",\"tags\": \"angebot,blattpflanzen zimmer,blattschmuckpflanzen,bundle,eflora,gr\u00fcnpflanzen,indoor,limited-quantity,live plants,pflanzen,pflanzenset,pot-discount,set,special leaf,zimmerpflanzen bunte bl\u00e4tter\",\"bulletPoints\": [\"Einzelst\u00fccke mit extravagantem Blattschmuck\",\"Ungew\u00f6hnliche Blattmuster \\u0026 -strukturen\",\"Forellenbegonie, Alocasia 'Polly' \\u0026 Maranta leuconeura\"],\"variants\" : [ {\"sku\": \"IB-SPLE-0012\",\"available\": true, \"compareAtPriceString\": \"58,97 \u20ac\", \"priceString\": \"49,99 \u20ac\", \"compareAtPrice\": 58.97, \"price\": 49.99, \"sale\":true, \"percentage\":\"15%\", \"priceCurrency\" : \"EUR\", \"url\" : \"https://shop.plantura.garden/products/blattschmuck-zimmerpflanzen-3er-set?variant=44678622707978\",\"isSet\":true }], \"handle\" : \"blattschmuck-zimmerpflanzen-3er-set\"}, { \"name\": \"Blattschmuck-Zimmerpflanzen (4er Set)\", \"unitPrice\" : \"\", \"compareAtPriceString\": \"94,96 \u20ac\", \"priceString\": \"79,99 \u20ac\", \"compareAtPrice\": 94.96, \"price\": 79.99, \"sale\":false, \"percentage\":\"16%\", \"badge\": \"angebot\", \"url\": \"https://shop.plantura.garden/products/blattschmuck-zimmerpflanzen-4er-set\", \"available\": true, \"availabilityInfo\":\"\", \"campaignInfo\":\"zimmerpflanzen\",\"isSet\": true, \"priceLabel\": \"Im Set\", \"compareAtPriceLabel\": \"Einzeln\",\"reviewsData\":{\"reviewCount\": 3, \"reviewAverageValue\": 4.3},\"image\": \"https://shop.plantura.garden/cdn/shop/files/plantura-vier-blattschmuck-zimmerpflanzen-set-kaufen_1476x.png?v=1693465186\",\"tags\": \"angebot,blattpflanzen zimmer,blattschmuckpflanzen,bundle,eflora,gr\u00fcnpflanzen,indoor,limited-quantity,live plants,pflanzen,pflanzenset,pflegeleicht,pot-discount,set,special leaf,zimmerpflanzen bunte bl\u00e4tter\",\"bulletPoints\": [\"Exotische Zimmerpflanzen mit au\u00dfergew\u00f6hnlichen Bl\u00e4ttern\",\"Dekorative Blattfarben \\u0026 -formen im Set\",\"Alocasia 'Polly', Gefleckte Efeutute, Krokodilfarn \\u0026 Ctenanthe burle-marxii\"],\"variants\" : [ {\"sku\": \"IB-SPLE-0013\",\"available\": true, \"compareAtPriceString\": \"94,96 \u20ac\", \"priceString\": \"79,99 \u20ac\", \"compareAtPrice\": 94.96, \"price\": 79.99, \"sale\":true, \"percentage\":\"16%\", \"priceCurrency\" : \"EUR\", \"url\" : \"https://shop.plantura.garden/products/blattschmuck-zimmerpflanzen-4er-set?variant=44678622871818\",\"isSet\":true }], \"handle\" : \"blattschmuck-zimmerpflanzen-4er-set\"}, { \"name\": \"Blau-Fichte Botanico\u00ae \\u0026#39;Oldenburg\\u0026#39;\u00ae\", \"unitPrice\" : \"\", \"compareAtPriceString\": \"\", \"priceString\": \"99,99 \u20ac\", \"compareAtPrice\": 0.0, \"price\": 99.99, \"sale\":false, \"percentage\":\"\", \"badge\": \"angebot\", \"url\": \"https://shop.plantura.garden/products/blau-fichte-botanico-oldenburg\", \"available\": true, \"availabilityInfo\":\"\", \"campaignInfo\":\"pflanzen-draussen\",\"isSet\": false, \"priceLabel\": \"\", \"compareAtPriceLabel\": \"\",\"reviewsData\":{\"reviewCount\": 6, \"reviewAverageValue\": 5.0},\"image\": \"https://shop.plantura.garden/cdn/shop/files/blau-fichte-oldenburg_1329x.png?v=1691765276\",\"tags\": \"blaufichte,christbaum,jeddeloh,live plants,outdoor,pflanzen,pot-discount,spruce,tannenbaum,weihnachtsbaum\",\"bulletPoints\": [\"Pflegeleichte Stechfichte mit intensiv stahlblauen Nadeln \\u0026 hellbraunen Zapfen\",\"Sehr winterhart \\u0026 langsam wachsend: Perfekt als nachhaltiger Weihnachtsbaum\",\"Lieferung einer bereits 15 Jahre alten Pflanze in bester Qualit\u00e4t aus Topfkultur\"],\"variants\" : [ {\"sku\": \"OP-PIPU-0101\",\"available\": true, \"compareAtPriceString\": \"\", \"priceString\": \"99,99 \u20ac\", \"compareAtPrice\": 0.0, \"price\": 99.99, \"sale\":false, \"percentage\":\"\", \"priceCurrency\" : \"EUR\", \"url\" : \"https://shop.plantura.garden/products/blau-fichte-botanico-oldenburg?variant=43813277335818\",\"isSet\":false}], \"handle\" : \"blau-fichte-botanico-oldenburg\"}, { \"name\": \"Blaubeere Brazelberry\u00ae \\u0026#39;BerryBux\\u0026#39;\u00ae\", \"unitPrice\" : \"\", \"compareAtPriceString\": \"\", \"priceString\": \"29,99 \u20ac\", \"compareAtPrice\": 0.0, \"price\": 29.99, \"sale\":false, \"percentage\":\"\", \"badge\": \"angebot\", \"url\": \"https://shop.plantura.garden/products/blaubeere-brazelberry-berrybux\", \"available\": true, \"availabilityInfo\":\"\", \"campaignInfo\":\"pflanzen-draussen\",\"isSet\": false, \"priceLabel\": \"\", \"compareAtPriceLabel\": \"\",\"reviewsData\":{\"reviewCount\": 15, \"reviewAverageValue\": 4.6},\"image\": \"https://shop.plantura.garden/cdn/shop/files/plantura-blaubeere-brazelberry-berrybux-kaufen_1476x.png?v=1691767015\",\"tags\": \"balcony,beefriendly,beeren,beerenobst,beerenstr\u00e4ucher,blueberry,brazel berry,brazelton,brazeltonberry,fruit,heidelbeeren,jeddeloh,live plants,outdoor,pflanzen,pot-discount,vaccinium,vaccinium corymbosum,waldbeeren,waldheidelbeeren\",\"bulletPoints\": [\"Ertragreiche Blaubeere mit dekorativer Buchsbaum-Optik\",\"Pflegeleichte \\u0026 winterharte Topf- oder Gartenpflanze\",\"Liebt sonnige bis halbschattige Standorte mit saurer Erde\"],\"variants\" : [ {\"sku\": \"OP-VACO-0015\",\"available\": true, \"compareAtPriceString\": \"\", \"priceString\": \"29,99 \u20ac\", \"compareAtPrice\": 0.0, \"price\": 29.99, \"sale\":false, \"percentage\":\"\", \"priceCurrency\" : \"EUR\", \"url\" : \"https://shop.plantura.garden/products/blaubeere-brazelberry-berrybux?variant=43534125564170\",\"isSet\":false}], \"handle\" : \"blaubeere-brazelberry-berrybux\"}, { \"name\": \"Blaubeere Brazelberry\u00ae \\u0026#39;Jelly Bean\\u0026#39;\u00ae\", \"unitPrice\" : \"\", \"compareAtPriceString\": \"\", \"priceString\": \"29,99 \u20ac\", \"compareAtPrice\": 0.0, \"price\": 29.99, \"sale\":false, \"percentage\":\"\", \"badge\": \"angebot\", \"url\": \"https://shop.plantura.garden/products/blaubeere-brazelberry-jelly-bean\", \"available\": true, \"availabilityInfo\":\"\", \"campaignInfo\":\"pflanzen-draussen\",\"isSet\": false, \"priceLabel\": \"\", \"compareAtPriceLabel\": \"\",\"reviewsData\":{\"reviewCount\": 31, \"reviewAverageValue\": 4.7},\"image\": \"https://shop.plantura.garden/cdn/shop/files/plantura-blaubeere-brazelberry-jelly-bean-kaufen_1476x.png?v=1691766955\",\"tags\": \"balcony,beefriendly,beeren,beerenobst,beerenstr\u00e4ucher,blueberry,brazel berry,brazelton,brazeltonberry,fruit,heidelbeeren,jeddeloh,live plants,outdoor,pflanzen,pot-discount,vaccinium,vaccinium corymbosum,waldbeeren,waldheidelbeeren\",\"bulletPoints\": [\"Ertragreiche Blaubeere mit gro\u00dfen, sehr s\u00fc\u00dfen Beeren\",\"Kompakter, runder Wuchs \u2013 ideal f\u00fcr Balkon oder Terrasse\",\"Liebt sonnige bis halbschattige Standorte mit saurer Erde\"],\"variants\" : [ {\"sku\": \"OP-VACO-0012\",\"available\": true, \"compareAtPriceString\": \"\", \"priceString\": \"29,99 \u20ac\", \"compareAtPrice\": 0.0, \"price\": 29.99, \"sale\":false, \"percentage\":\"\", \"priceCurrency\" : \"EUR\", \"url\" : \"https://shop.plantura.garden/products/blaubeere-brazelberry-jelly-bean?variant=43534125269258\",\"isSet\":false}], \"handle\" : \"blaubeere-brazelberry-jelly-bean\"}, { \"name\": \"Blaubeere Brazelberry\u00ae \\u0026#39;Peach Sorbet\\u0026#39;\u00ae\", \"unitPrice\" : \"\", \"compareAtPriceString\": \"\", \"priceString\": \"29,99 \u20ac\", \"compareAtPrice\": 0.0, \"price\": 29.99, \"sale\":false, \"percentage\":\"\", \"badge\": \"angebot\", \"url\": \"https://shop.plantura.garden/products/blaubeere-brazelberry-peach-sorbet\", \"available\": true, \"availabilityInfo\":\"\", \"campaignInfo\":\"pflanzen-draussen\",\"isSet\": false, \"priceLabel\": \"\", \"compareAtPriceLabel\": \"\",\"reviewsData\":{\"reviewCount\": 1, \"reviewAverageValue\": 5.0},\"image\": \"https://shop.plantura.garden/cdn/shop/files/plantura-blaubeere-brazelberry-peach-sorbet-kaufen_1476x.png?v=1691766977\",\"tags\": \"balcony,beefriendly,beeren,beerenobst,beerenstr\u00e4ucher,blueberry,brazel berry,brazelton,brazeltonberry,fruit,heidelbeeren,jeddeloh,live plants,outdoor,pflanzen,pot-discount,vaccinium,vaccinium corymbosum,waldbeeren,waldheidelbeeren\",\"bulletPoints\": [\"Reichtragende Blaubeere mit tropischem Pfirsich-Aroma \\u0026 toller Blattf\u00e4rbung\",\"Kompakter, niedriger Wuchs \u2013 perfekt f\u00fcr Terrasse oder Balkon\",\"Steht gerne sonnig bis halbschattig in saurer Erde\"],\"variants\" : [ {\"sku\": \"OP-VACO-0013\",\"available\": true, \"compareAtPriceString\": \"\", \"priceString\": \"29,99 \u20ac\", \"compareAtPrice\": 0.0, \"price\": 29.99, \"sale\":false, \"percentage\":\"\", \"priceCurrency\" : \"EUR\", \"url\" : \"https://shop.plantura.garden/products/blaubeere-brazelberry-peach-sorbet?variant=43534125465866\",\"isSet\":false}], \"handle\" : \"blaubeere-brazelberry-peach-sorbet\"}, { \"name\": \"Blaubeere Brazelberry\u00ae \\u0026#39;Perpetua\\u0026#39;\", \"unitPrice\" : \"\", \"compareAtPriceString\": \"\", \"priceString\": \"29,99 \u20ac\", \"compareAtPrice\": 0.0, \"price\": 29.99, \"sale\":false, \"percentage\":\"\", \"badge\": \"angebot\", \"url\": \"https://shop.plantura.garden/products/blaubeere-brazelberry-perpetua\", \"available\": true, \"availabilityInfo\":\"\", \"campaignInfo\":\"pflanzen-draussen\",\"isSet\": false, \"priceLabel\": \"\", \"compareAtPriceLabel\": \"\",\"reviewsData\":{\"reviewCount\": 17, \"reviewAverageValue\": 4.4},\"image\": \"https://shop.plantura.garden/cdn/shop/files/plantura-blaubeere-brazelberry-perpetua-kaufen_1476x.png?v=1691766937\",\"tags\": \"balcony,beefriendly,beeren,beerenobst,beerenstr\u00e4ucher,blueberry,brazel berry,brazelton,brazeltonberry,fruit,heidelbeeren,jeddeloh,live plants,outdoor,pflanzen,pot-discount,vaccinium,vaccinium corymbosum,waldbeeren,waldheidelbeeren\",\"bulletPoints\": [\"Aromatische Heidelbeere, die zweimal pro Saison s\u00fc\u00dfe Beeren tr\u00e4gt\",\"Pflegeleichte Topf- oder Gartenpflanze \u2013 auch f\u00fcr Einsteiger\",\"F\u00fchlt sich an einem sonnigen bis halbschattigen Platz mit saurer Erde wohl\"],\"variants\" : [ {\"sku\": \"OP-VACO-0011\",\"available\": true, \"compareAtPriceString\": \"\", \"priceString\": \"29,99 \u20ac\", \"compareAtPrice\": 0.0, \"price\": 29.99, \"sale\":false, \"percentage\":\"\", \"priceCurrency\" : \"EUR\", \"url\" : \"https://shop.plantura.garden/products/blaubeere-brazelberry-perpetua?variant=43534125203722\",\"isSet\":false}], \"handle\" : \"blaubeere-brazelberry-perpetua\"}, { \"name\": \"Blaubeere Brazelberry\u00ae \\u0026#39;Pink Breeze\\u0026#39;\u00ae\", \"unitPrice\" : \"\", \"compareAtPriceString\": \"\", \"priceString\": \"29,99 \u20ac\", \"compareAtPrice\": 0.0, \"price\": 29.99, \"sale\":false, \"percentage\":\"\", \"badge\": \"angebot\", \"url\": \"https://shop.plantura.garden/products/blaubeere-brazelberry-pink-breeze\", \"available\": true, \"availabilityInfo\":\"\", \"campaignInfo\":\"pflanzen-draussen\",\"isSet\": false, \"priceLabel\": \"\", \"compareAtPriceLabel\": \"\",\"reviewsData\":{\"reviewCount\": 31, \"reviewAverageValue\": 4.5},\"image\": \"https://shop.plantura.garden/cdn/shop/files/plantura-blaubeere-brazelberry-pink-breeze-kaufen_1476x.png?v=1691766997\",\"tags\": \"balcony,beefriendly,beeren,beerenobst,beerenstr\u00e4ucher,blueberry,brazel berry,brazelton,brazeltonberry,fruit,heidelbeeren,jeddeloh,live plants,outdoor,pflanzen,pot-discount,vaccinium,vaccinium corymbosum,waldbeeren,waldheidelbeeren\",\"bulletPoints\": [\"Kompakte Blaubeere mit gro\u00dfen, aromatischen Fr\u00fcchten\",\"Dekorative Blattf\u00e4rbung von Pink zu Gr\u00fcn- \\u0026 Blaut\u00f6nen\",\"Perfekt f\u00fcr sonnige bis halbschattige Standorte im Garten oder auf dem Balkon\"],\"variants\" : [ {\"sku\": \"OP-VACO-0014\",\"available\": true, \"compareAtPriceString\": \"\", \"priceString\": \"29,99 \u20ac\", \"compareAtPrice\": 0.0, \"price\": 29.99, \"sale\":false, \"percentage\":\"\", \"priceCurrency\" : \"EUR\", \"url\" : \"https://shop.plantura.garden/products/blaubeere-brazelberry-pink-breeze?variant=43534125498634\",\"isSet\":false}], \"handle\" : \"blaubeere-brazelberry-pink-breeze\"}, { \"name\": \"Blauer Strandroggen \\u0026#39;Blue Dune\\u0026#39;\", \"unitPrice\" : \"\", \"compareAtPriceString\": \"\", \"priceString\": \"24,99 \u20ac\", \"compareAtPrice\": 0.0, \"price\": 24.99, \"sale\":false, \"percentage\":\"\", \"badge\": \"angebot\", \"url\": \"https://shop.plantura.garden/products/blauer-strandroggen-blue-dune\", \"available\": false, \"availabilityInfo\":\"\", \"campaignInfo\":\"pflanzen-draussen\",\"isSet\": false, \"priceLabel\": \"\", \"compareAtPriceLabel\": \"\",\"reviewsData\":{\"reviewCount\": 2, \"reviewAverageValue\": 5.0},\"image\": \"https://shop.plantura.garden/cdn/shop/files/blauer-strandroggen-blue-dune-kaufen_1476x.png?v=1692797206\",\"tags\": \"drought tolerant,evergreen,foliage,jeddeloh,leymus,leymus arenarius,live plants,ornamental grasses,outdoor,pflanzen,pot-discount,ziergras\",\"bulletPoints\": [\"Blau-gr\u00fcner Strandroggen mit gelben \u00c4hrenbl\u00fcten\",\"Hitzevertr\u00e4glich, trockenheitsresistent \\u0026 winterhart\\n\",\"Liebt vollsonnige Standorte mit sandigem Boden\\n\"],\"variants\" : [ {\"sku\": \"OP-LEAR-0117\",\"available\": false, \"compareAtPriceString\": \"\", \"priceString\": \"24,99 \u20ac\", \"compareAtPrice\": 0.0, \"price\": 24.99, \"sale\":false, \"percentage\":\"\", \"priceCurrency\" : \"EUR\", \"url\" : \"https://shop.plantura.garden/products/blauer-strandroggen-blue-dune?variant=44601857540362\",\"isSet\":false}], \"handle\" : \"blauer-strandroggen-blue-dune\"}, { \"name\": \"Blutpflaume \\u0026#39;Nigra\\u0026#39;\", \"unitPrice\" : \"\", \"compareAtPriceString\": \"\", \"priceString\": \"32,99 \u20ac\", \"compareAtPrice\": 0.0, \"price\": 32.99, \"sale\":false, \"percentage\":\"\", \"badge\": \"angebot\", \"url\": \"https://shop.plantura.garden/products/blutpflaume-nigra\", \"available\": true, \"availabilityInfo\":\"\", \"campaignInfo\":\"pflanzen-draussen\",\"isSet\": false, \"priceLabel\": \"\", \"compareAtPriceLabel\": \"\",\"reviewsData\":{\"reviewCount\": 3, \"reviewAverageValue\": 4.3},\"image\": \"https://shop.plantura.garden/cdn/shop/files/blutpflaume-nigra-kaufen_1476x.png?v=1692798537\",\"tags\": \"asia,beefriendly,birdfriendly,blood plum,cherry blossom,deciduous shrubs,flowering shrubs,foliage,fruit,jeddeloh,kirschpflaume,live plants,outdoor,pflanzen,pot-discount,prunus cerasifera,spring bloomer\",\"bulletPoints\": [\"Leuchtend rosa Bl\u00fcten \\u0026 weinrote Bl\u00e4tter an \u00fcberh\u00e4ngenden Zweigen\",\"Essbares Wildobst: Herrlich-s\u00fc\u00dfe Fr\u00fcchte im Juli \\u0026 August\",\"Robuster Gro\u00dfstrauch, der sonnige \\u0026 halbschattige Standorte liebt\"],\"variants\" : [ {\"sku\": \"OP-PRCE-0151\",\"available\": true, \"compareAtPriceString\": \"\", \"priceString\": \"32,99 \u20ac\", \"compareAtPrice\": 0.0, \"price\": 32.99, \"sale\":false, \"percentage\":\"\", \"priceCurrency\" : \"EUR\", \"url\" : \"https://shop.plantura.garden/products/blutpflaume-nigra?variant=44327864140042\",\"isSet\":false}, {\"sku\": \"OP-PRCE-0150\",\"available\": false, \"compareAtPriceString\": \"\", \"priceString\": \"54,99 \u20ac\", \"compareAtPrice\": 0.0, \"price\": 54.99, \"sale\":false, \"percentage\":\"\", \"priceCurrency\" : \"EUR\", \"url\" : \"https://shop.plantura.garden/products/blutpflaume-nigra?variant=44327864205578\",\"isSet\":false}], \"handle\" : \"blutpflaume-nigra\"}, { \"name\": \"Bodendeckerrose \\u0026#39;Bienenweide Fruity\\u0026#39;\u00ae Gelb-Rosa-Apricot\", \"unitPrice\" : \"\", \"compareAtPriceString\": \"\", \"priceString\": \"19,99 \u20ac\", \"compareAtPrice\": 0.0, \"price\": 19.99, \"sale\":false, \"percentage\":\"\", \"badge\": \"angebot\", \"url\": \"https://shop.plantura.garden/products/bodendeckerrose-bienenweide-fruity-gelb-rosa-apricot\", \"available\": false, \"availabilityInfo\":\"\", \"campaignInfo\":\"pflanzen-draussen\",\"isSet\": false, \"priceLabel\": \"\", \"compareAtPriceLabel\": \"\",\"reviewsData\":{\"reviewCount\": 15, \"reviewAverageValue\": 4.7},\"image\": \"https://shop.plantura.garden/cdn/shop/files/bodendeckerrose-bienenweide-fruity-kaufen_1476x.png?v=1692798943\",\"tags\": \"balcony,beefriendly,beetrose,bodendeckerrose,drought tolerant,flowering shrubs,live plants,outdoor,pflanzen,pot-discount,reiners,rose,zwergrose\",\"bulletPoints\": [\"Farbenpr\u00e4chtige \\u0026 wertvolle Bienenweide mit langer Bl\u00fctezeit\",\"Sehr gute Gesundheit \\u0026 frosthart \u2013 auch f\u00fcr Anf\u00e4nger bestens geeignet\",\"Ideal als Bodendecker oder f\u00fcr Balkon \\u0026 Terrasse\"],\"variants\" : [ {\"sku\": \"OP-ROBI-0366\",\"available\": false, \"compareAtPriceString\": \"\", \"priceString\": \"19,99 \u20ac\", \"compareAtPrice\": 0.0, \"price\": 19.99, \"sale\":false, \"percentage\":\"\", \"priceCurrency\" : \"EUR\", \"url\" : \"https://shop.plantura.garden/products/bodendeckerrose-bienenweide-fruity-gelb-rosa-apricot?variant=44479147573514\",\"isSet\":false}, {\"sku\": \"OP-ROBI-0394\",\"available\": false, \"compareAtPriceString\": \"39,98 \u20ac\", \"priceString\": \"37,99 \u20ac\", \"compareAtPrice\": 39.98, \"price\": 37.99, \"sale\":true, \"percentage\":\"5%\", \"priceCurrency\" : \"EUR\", \"url\" : \"https://shop.plantura.garden/products/bodendeckerrose-bienenweide-fruity-gelb-rosa-apricot?variant=44479147606282\",\"isSet\":true }, {\"sku\": \"OP-ROBI-0395\",\"available\": false, \"compareAtPriceString\": \"79,96 \u20ac\", \"priceString\": \"71,99 \u20ac\", \"compareAtPrice\": 79.96, \"price\": 71.99, \"sale\":true, \"percentage\":\"10%\", \"priceCurrency\" : \"EUR\", \"url\" : \"https://shop.plantura.garden/products/bodendeckerrose-bienenweide-fruity-gelb-rosa-apricot?variant=44479147639050\",\"isSet\":true }, {\"sku\": \"OP-ROBI-0396\",\"available\": false, \"compareAtPriceString\": \"159,92 \u20ac\", \"priceString\": \"135,99 \u20ac\", \"compareAtPrice\": 159.92, \"price\": 135.99, \"sale\":true, \"percentage\":\"15%\", \"priceCurrency\" : \"EUR\", \"url\" : \"https://shop.plantura.garden/products/bodendeckerrose-bienenweide-fruity-gelb-rosa-apricot?variant=44479147671818\",\"isSet\":true }], \"handle\" : \"bodendeckerrose-bienenweide-fruity-gelb-rosa-apricot\"}, { \"name\": \"Bodendeckerrose \\u0026#39;G\u00e4rtnerfreude\\u0026#39;\u00ae Himbeerrot\", \"unitPrice\" : \"\", \"compareAtPriceString\": \"\", \"priceString\": \"19,99 \u20ac\", \"compareAtPrice\": 0.0, \"price\": 19.99, \"sale\":false, \"percentage\":\"\", \"badge\": \"angebot\", \"url\": \"https://shop.plantura.garden/products/bodendeckerrose-gaertnerfreude-himbeerrot\", \"available\": false, \"availabilityInfo\":\"\", \"campaignInfo\":\"pflanzen-draussen\",\"isSet\": false, \"priceLabel\": \"\", \"compareAtPriceLabel\": \"\",\"reviewsData\":{\"reviewCount\": 1, \"reviewAverageValue\": 5.0},\"image\": \"https://shop.plantura.garden/cdn/shop/files/bodendeckerrose-gaertnerfreude-kaufen_1476x.png?v=1692798976\",\"tags\": \"balcony,beefriendly,beetrose,bodendeckerrose,drought tolerant,flowering shrubs,live plants,outdoor,pflanzen,pot-discount,reiners,rose,zwergrose\",\"bulletPoints\": [\"Bienenfreundliche Bl\u00fcten in kr\u00e4ftigem Himbeerrot\",\"Hohe Bl\u00fchfreudigkeit von Juni bis September\",\"Hervorragende Gesundheit, pflegeleicht \\u0026 sehr robust\"],\"variants\" : [ {\"sku\": \"OP-ROGA-0367\",\"available\": false, \"compareAtPriceString\": \"\", \"priceString\": \"19,99 \u20ac\", \"compareAtPrice\": 0.0, \"price\": 19.99, \"sale\":false, \"percentage\":\"\", \"priceCurrency\" : \"EUR\", \"url\" : \"https://shop.plantura.garden/products/bodendeckerrose-gaertnerfreude-himbeerrot?variant=44479148097802\",\"isSet\":false}, {\"sku\": \"OP-ROGA-0397\",\"available\": false, \"compareAtPriceString\": \"39,98 \u20ac\", \"priceString\": \"37,99 \u20ac\", \"compareAtPrice\": 39.98, \"price\": 37.99, \"sale\":true, \"percentage\":\"5%\", \"priceCurrency\" : \"EUR\", \"url\" : \"https://shop.plantura.garden/products/bodendeckerrose-gaertnerfreude-himbeerrot?variant=44479148130570\",\"isSet\":true }, {\"sku\": \"OP-ROGA-0398\",\"available\": false, \"compareAtPriceString\": \"79,96 \u20ac\", \"priceString\": \"71,99 \u20ac\", \"compareAtPrice\": 79.96, \"price\": 71.99, \"sale\":true, \"percentage\":\"10%\", \"priceCurrency\" : \"EUR\", \"url\" : \"https://shop.plantura.garden/products/bodendeckerrose-gaertnerfreude-himbeerrot?variant=44479148163338\",\"isSet\":true }, {\"sku\": \"OP-ROGA-0399\",\"available\": false, \"compareAtPriceString\": \"159,92 \u20ac\", \"priceString\": \"135,99 \u20ac\", \"compareAtPrice\": 159.92, \"price\": 135.99, \"sale\":true, \"percentage\":\"15%\", \"priceCurrency\" : \"EUR\", \"url\" : \"https://shop.plantura.garden/products/bodendeckerrose-gaertnerfreude-himbeerrot?variant=44479148196106\",\"isSet\":true }], \"handle\" : \"bodendeckerrose-gaertnerfreude-himbeerrot\"}, { \"name\": \"Bodendeckerrose \\u0026#39;Heidetraum\\u0026#39;\u00ae Karminrosarot\", \"unitPrice\" : \"\", \"compareAtPriceString\": \"\", \"priceString\": \"24,99 \u20ac\", \"compareAtPrice\": 0.0, \"price\": 24.99, \"sale\":false, \"percentage\":\"\", \"badge\": \"angebot\", \"url\": \"https://shop.plantura.garden/products/bodendeckerrose-heidetraum-karminrosarot\", \"available\": false, \"availabilityInfo\":\"\", \"campaignInfo\":\"pflanzen-draussen\",\"isSet\": false, \"priceLabel\": \"\", \"compareAtPriceLabel\": \"\",\"reviewsData\":{\"reviewCount\": 2, \"reviewAverageValue\": 5.0},\"image\": \"https://shop.plantura.garden/cdn/shop/files/bodendeckerrose-heidetraum-kaufen_1476x.png?v=1692798992\",\"tags\": \"adr rose,balcony,beefriendly,beetrose,bodendeckerrose,drought tolerant,flowering shrubs,live plants,outdoor,pflanzen,pot-discount,reiners,rose,zwergrose\",\"bulletPoints\": [\"\u00dcppige, karminrosarote Bl\u00fcten von Juli bis September\",\"Weltrose 2022 \u2013 ideal f\u00fcr Beete \\u0026 als Topfpflanze auf Balkon \\u0026 Terrasse\",\"ADR-pr\u00e4miert: Sehr gesund, robust \\u0026 bl\u00fchfreudig\"],\"variants\" : [ {\"sku\": \"OP-ROHE-0368\",\"available\": false, \"compareAtPriceString\": \"\", \"priceString\": \"24,99 \u20ac\", \"compareAtPrice\": 0.0, \"price\": 24.99, \"sale\":false, \"percentage\":\"\", \"priceCurrency\" : \"EUR\", \"url\" : \"https://shop.plantura.garden/products/bodendeckerrose-heidetraum-karminrosarot?variant=44479148392714\",\"isSet\":false}, {\"sku\": \"OP-ROHE-0400\",\"available\": false, \"compareAtPriceString\": \"49,98 \u20ac\", \"priceString\": \"46,99 \u20ac\", \"compareAtPrice\": 49.98, \"price\": 46.99, \"sale\":true, \"percentage\":\"6%\", \"priceCurrency\" : \"EUR\", \"url\" : \"https://shop.plantura.garden/products/bodendeckerrose-heidetraum-karminrosarot?variant=44479148425482\",\"isSet\":true }, {\"sku\": \"OP-ROHE-0401\",\"available\": false, \"compareAtPriceString\": \"99,96 \u20ac\", \"priceString\": \"89,99 \u20ac\", \"compareAtPrice\": 99.96, \"price\": 89.99, \"sale\":true, \"percentage\":\"10%\", \"priceCurrency\" : \"EUR\", \"url\" : \"https://shop.plantura.garden/products/bodendeckerrose-heidetraum-karminrosarot?variant=44479148458250\",\"isSet\":true }, {\"sku\": \"OP-ROHE-0402\",\"available\": false, \"compareAtPriceString\": \"199,92 \u20ac\", \"priceString\": \"169,99 \u20ac\", \"compareAtPrice\": 199.92, \"price\": 169.99, \"sale\":true, \"percentage\":\"15%\", \"priceCurrency\" : \"EUR\", \"url\" : \"https://shop.plantura.garden/products/bodendeckerrose-heidetraum-karminrosarot?variant=44479148491018\",\"isSet\":true }], \"handle\" : \"bodendeckerrose-heidetraum-karminrosarot\"}, { \"name\": \"Bodendeckerrose \\u0026#39;Knirps\\u0026#39;\u00ae Kr\u00e4ftig Rosa\", \"unitPrice\" : \"\", \"compareAtPriceString\": \"\", \"priceString\": \"19,99 \u20ac\", \"compareAtPrice\": 0.0, \"price\": 19.99, \"sale\":false, \"percentage\":\"\", \"badge\": \"angebot\", \"url\": \"https://shop.plantura.garden/products/bodendeckerrose-knirps-rosa\", \"available\": false, \"availabilityInfo\":\"\", \"campaignInfo\":\"pflanzen-draussen\",\"isSet\": false, \"priceLabel\": \"\", \"compareAtPriceLabel\": \"\",\"reviewsData\":{\"reviewCount\": 1, \"reviewAverageValue\": 5.0},\"image\": \"https://shop.plantura.garden/cdn/shop/files/bodendeckerrose-knirps-kaufen_1476x.png?v=1692799045\",\"tags\": \"balcony,beefriendly,beetrose,bodendeckerrose,drought tolerant,flowering shrubs,live plants,outdoor,pflanzen,pot-discount,reiners,rose,zwergrose\",\"bulletPoints\": [\"Bezaubernde, kr\u00e4ftig rosafarbene Bl\u00fcten mit ausgezeichneter Bl\u00fchfreude\",\"Hitzevertr\u00e4glich, frosthart \\u0026 sehr gute Gesundheit\",\"Auch f\u00fcr kleine G\u00e4rten oder den Topf hervorragend geeignet\"],\"variants\" : [ {\"sku\": \"OP-ROKN-0369\",\"available\": false, \"compareAtPriceString\": \"\", \"priceString\": \"19,99 \u20ac\", \"compareAtPrice\": 0.0, \"price\": 19.99, \"sale\":false, \"percentage\":\"\", \"priceCurrency\" : \"EUR\", \"url\" : \"https://shop.plantura.garden/products/bodendeckerrose-knirps-rosa?variant=44479150489866\",\"isSet\":false}, {\"sku\": \"OP-ROKN-0403\",\"available\": false, \"compareAtPriceString\": \"39,98 \u20ac\", \"priceString\": \"37,99 \u20ac\", \"compareAtPrice\": 39.98, \"price\": 37.99, \"sale\":true, \"percentage\":\"5%\", \"priceCurrency\" : \"EUR\", \"url\" : \"https://shop.plantura.garden/products/bodendeckerrose-knirps-rosa?variant=44479150522634\",\"isSet\":true }, {\"sku\": \"OP-ROKN-0404\",\"available\": false, \"compareAtPriceString\": \"79,96 \u20ac\", \"priceString\": \"71,99 \u20ac\", \"compareAtPrice\": 79.96, \"price\": 71.99, \"sale\":true, \"percentage\":\"10%\", \"priceCurrency\" : \"EUR\", \"url\" : \"https://shop.plantura.garden/products/bodendeckerrose-knirps-rosa?variant=44479150555402\",\"isSet\":true }, {\"sku\": \"OP-ROKN-0405\",\"available\": false, \"compareAtPriceString\": \"159,92 \u20ac\", \"priceString\": \"135,99 \u20ac\", \"compareAtPrice\": 159.92, \"price\": 135.99, \"sale\":true, \"percentage\":\"15%\", \"priceCurrency\" : \"EUR\", \"url\" : \"https://shop.plantura.garden/products/bodendeckerrose-knirps-rosa?variant=44479150588170\",\"isSet\":true }], \"handle\" : \"bodendeckerrose-knirps-rosa\"}, { \"name\": \"Bodendeckerrose \\u0026#39;Sedana\\u0026#39;\u00ae Apricot\", \"unitPrice\" : \"\", \"compareAtPriceString\": \"\", \"priceString\": \"24,99 \u20ac\", \"compareAtPrice\": 0.0, \"price\": 24.99, \"sale\":false, \"percentage\":\"\", \"badge\": \"angebot\", \"url\": \"https://shop.plantura.garden/products/bodendeckerrose-sedana-apricot\", \"available\": false, \"availabilityInfo\":\"\", \"campaignInfo\":\"pflanzen-draussen\",\"isSet\": false, \"priceLabel\": \"\", \"compareAtPriceLabel\": \"\",\"reviewsData\":{\"reviewCount\": 2, \"reviewAverageValue\": 5.0},\"image\": \"https://shop.plantura.garden/cdn/shop/files/bodendeckerrose-sedana-kaufen_1476x.png?v=1692799075\",\"tags\": \"adr rose,balcony,beefriendly,beetrose,bodendeckerrose,drought tolerant,flowering shrubs,live plants,outdoor,pflanzen,pot-discount,reiners,rose,zwergrose\",\"bulletPoints\": [\"Romantische Bodendeckerrose mit creme-orange bis apricotfarbenen Bl\u00fcten\",\"Bienenfreundlicher Hang- oder Fl\u00e4chendecker mit zartem Duft\",\"ADR-Rose: Bl\u00fchfreudig mit sehr guter Pflanzengesundheit\"],\"variants\" : [ {\"sku\": \"OP-ROSE-0371\",\"available\": false, \"compareAtPriceString\": \"\", \"priceString\": \"24,99 \u20ac\", \"compareAtPrice\": 0.0, \"price\": 24.99, \"sale\":false, \"percentage\":\"\", \"priceCurrency\" : \"EUR\", \"url\" : \"https://shop.plantura.garden/products/bodendeckerrose-sedana-apricot?variant=44479150850314\",\"isSet\":false}, {\"sku\": \"OP-ROSE-0409\",\"available\": false, \"compareAtPriceString\": \"49,98 \u20ac\", \"priceString\": \"46,99 \u20ac\", \"compareAtPrice\": 49.98, \"price\": 46.99, \"sale\":true, \"percentage\":\"6%\", \"priceCurrency\" : \"EUR\", \"url\" : \"https://shop.plantura.garden/products/bodendeckerrose-sedana-apricot?variant=44479150883082\",\"isSet\":true }, {\"sku\": \"OP-ROSE-0410\",\"available\": false, \"compareAtPriceString\": \"99,96 \u20ac\", \"priceString\": \"89,99 \u20ac\", \"compareAtPrice\": 99.96, \"price\": 89.99, \"sale\":true, \"percentage\":\"10%\", \"priceCurrency\" : \"EUR\", \"url\" : \"https://shop.plantura.garden/products/bodendeckerrose-sedana-apricot?variant=44479150915850\",\"isSet\":true }, {\"sku\": \"OP-ROSE-0411\",\"available\": false, \"compareAtPriceString\": \"199,92 \u20ac\", \"priceString\": \"169,99 \u20ac\", \"compareAtPrice\": 199.92, \"price\": 169.99, \"sale\":true, \"percentage\":\"15%\", \"priceCurrency\" : \"EUR\", \"url\" : \"https://shop.plantura.garden/products/bodendeckerrose-sedana-apricot?variant=44479150948618\",\"isSet\":true }], \"handle\" : \"bodendeckerrose-sedana-apricot\"}, { \"name\": \"Bodendeckerrose \\u0026#39;Sorrento\\u0026#39;\u00ae Leuchtend Rot\", \"unitPrice\" : \"\", \"compareAtPriceString\": \"\", \"priceString\": \"24,99 \u20ac\", \"compareAtPrice\": 0.0, \"price\": 24.99, \"sale\":false, \"percentage\":\"\", \"badge\": \"angebot\", \"url\": \"https://shop.plantura.garden/products/bodendeckerrose-sorrento-rot\", \"available\": false, \"availabilityInfo\":\"\", \"campaignInfo\":\"pflanzen-draussen\",\"isSet\": false, \"priceLabel\": \"\", \"compareAtPriceLabel\": \"\",\"reviewsData\":{\"reviewCount\": 4, \"reviewAverageValue\": 5.0},\"image\": \"https://shop.plantura.garden/cdn/shop/files/bodendeckerrose-sorrento-kaufen_1476x.png?v=1692799093\",\"tags\": \"adr rose,balcony,beefriendly,beetrose,bodendeckerrose,drought tolerant,flowering shrubs,live plants,outdoor,pflanzen,pot-discount,reiners,rose,zwergrose\",\"bulletPoints\": [\"Zart duftende Bl\u00fctenpracht in leuchtend roter Farbe\",\"Bienenfreundliches Bl\u00fctenmeer von Juni bis Oktober\",\"ADR-Pr\u00e4dikat: Widerstandsf\u00e4hig gegen\u00fcber Blattkrankheiten \\u0026 bl\u00fchfreudig\"],\"variants\" : [ {\"sku\": \"OP-ROSO-0372\",\"available\": false, \"compareAtPriceString\": \"\", \"priceString\": \"24,99 \u20ac\", \"compareAtPrice\": 0.0, \"price\": 24.99, \"sale\":false, \"percentage\":\"\", \"priceCurrency\" : \"EUR\", \"url\" : \"https://shop.plantura.garden/products/bodendeckerrose-sorrento-rot?variant=44479151014154\",\"isSet\":false}, {\"sku\": \"OP-ROSO-0412\",\"available\": false, \"compareAtPriceString\": \"49,98 \u20ac\", \"priceString\": \"46,99 \u20ac\", \"compareAtPrice\": 49.98, \"price\": 46.99, \"sale\":true, \"percentage\":\"6%\", \"priceCurrency\" : \"EUR\", \"url\" : \"https://shop.plantura.garden/products/bodendeckerrose-sorrento-rot?variant=44479151046922\",\"isSet\":true }, {\"sku\": \"OP-ROSO-0413\",\"available\": false, \"compareAtPriceString\": \"99,96 \u20ac\", \"priceString\": \"89,99 \u20ac\", \"compareAtPrice\": 99.96, \"price\": 89.99, \"sale\":true, \"percentage\":\"10%\", \"priceCurrency\" : \"EUR\", \"url\" : \"https://shop.plantura.garden/products/bodendeckerrose-sorrento-rot?variant=44479151079690\",\"isSet\":true }, {\"sku\": \"OP-ROSO-0414\",\"available\": false, \"compareAtPriceString\": \"199,92 \u20ac\", \"priceString\": \"169,99 \u20ac\", \"compareAtPrice\": 199.92, \"price\": 169.99, \"sale\":true, \"percentage\":\"15%\", \"priceCurrency\" : \"EUR\", \"url\" : \"https://shop.plantura.garden/products/bodendeckerrose-sorrento-rot?variant=44479151112458\",\"isSet\":true }], \"handle\" : \"bodendeckerrose-sorrento-rot\"}, { \"name\": \"Bodendeckerrose \\u0026#39;The Fairy\\u0026#39; Lachsrosa\", \"unitPrice\" : \"\", \"compareAtPriceString\": \"\", \"priceString\": \"19,99 \u20ac\", \"compareAtPrice\": 0.0, \"price\": 19.99, \"sale\":false, \"percentage\":\"\", \"badge\": \"angebot\", \"url\": \"https://shop.plantura.garden/products/bodendeckerrose-the-fairy-lachsrosa\", \"available\": false, \"availabilityInfo\":\"\", \"campaignInfo\":\"pflanzen-draussen\",\"isSet\": false, \"priceLabel\": \"\", \"compareAtPriceLabel\": \"\",\"reviewsData\":{\"reviewCount\": 0, \"reviewAverageValue\": 0.0},\"image\": \"https://shop.plantura.garden/cdn/shop/files/bodendeckerrose-the-fairy-kaufen_1476x.png?v=1692799111\",\"tags\": \"balcony,beefriendly,beetrose,bodendeckerrose,drought tolerant,flowering shrubs,live plants,outdoor,pflanzen,pot-discount,reiners,rose,zwergrose\",\"bulletPoints\": [\"Gef\u00fcllte, lachsrosa Bl\u00fctenpracht von Juni bis Oktober\",\"Echter Klassiker f\u00fcr einen Rosenteppich im eigenen Garten\",\"Hitzevertr\u00e4glich, winterhart \\u0026 sehr gesund \u2013 auch f\u00fcr Einsteiger geeignet\"],\"variants\" : [ {\"sku\": \"OP-ROTH-0373\",\"available\": false, \"compareAtPriceString\": \"\", \"priceString\": \"19,99 \u20ac\", \"compareAtPrice\": 0.0, \"price\": 19.99, \"sale\":false, \"percentage\":\"\", \"priceCurrency\" : \"EUR\", \"url\" : \"https://shop.plantura.garden/products/bodendeckerrose-the-fairy-lachsrosa?variant=44479151309066\",\"isSet\":false}, {\"sku\": \"OP-ROTH-0415\",\"available\": false, \"compareAtPriceString\": \"39,98 \u20ac\", \"priceString\": \"37,99 \u20ac\", \"compareAtPrice\": 39.98, \"price\": 37.99, \"sale\":true, \"percentage\":\"5%\", \"priceCurrency\" : \"EUR\", \"url\" : \"https://shop.plantura.garden/products/bodendeckerrose-the-fairy-lachsrosa?variant=44479151341834\",\"isSet\":true }, {\"sku\": \"OP-ROTH-0416\",\"available\": false, \"compareAtPriceString\": \"79,96 \u20ac\", \"priceString\": \"71,99 \u20ac\", \"compareAtPrice\": 79.96, \"price\": 71.99, \"sale\":true, \"percentage\":\"10%\", \"priceCurrency\" : \"EUR\", \"url\" : \"https://shop.plantura.garden/products/bodendeckerrose-the-fairy-lachsrosa?variant=44479151374602\",\"isSet\":true }, {\"sku\": \"OP-ROTH-0417\",\"available\": false, \"compareAtPriceString\": \"159,92 \u20ac\", \"priceString\": \"135,99 \u20ac\", \"compareAtPrice\": 159.92, \"price\": 135.99, \"sale\":true, \"percentage\":\"15%\", \"priceCurrency\" : \"EUR\", \"url\" : \"https://shop.plantura.garden/products/bodendeckerrose-the-fairy-lachsrosa?variant=44479151407370\",\"isSet\":true }], \"handle\" : \"bodendeckerrose-the-fairy-lachsrosa\"}, { \"name\": \"Bodendeckerrose Drift\u00ae \\u0026#39;Red Drift\\u0026#39; Rot\", \"unitPrice\" : \"\", \"compareAtPriceString\": \"\", \"priceString\": \"24,99 \u20ac\", \"compareAtPrice\": 0.0, \"price\": 24.99, \"sale\":false, \"percentage\":\"\", \"badge\": \"angebot\", \"url\": \"https://shop.plantura.garden/products/bodendeckerrose-red-drift-rot\", \"available\": false, \"availabilityInfo\":\"\", \"campaignInfo\":\"pflanzen-draussen\",\"isSet\": false, \"priceLabel\": \"\", \"compareAtPriceLabel\": \"\",\"reviewsData\":{\"reviewCount\": 2, \"reviewAverageValue\": 5.0},\"image\": \"https://shop.plantura.garden/cdn/shop/files/bodendeckerrose-red-drift-kaufen_1673x.png?v=1692798957\",\"tags\": \"balcony,beefriendly,beetrose,drift rose,drought tolerant,edelrose,flowering shrubs,jeddeloh,live plants,muttertag,outdoor,pflanzen,pot-discount,rose\",\"bulletPoints\": [\"Eindrucksvoller, roter Bl\u00fctenteppich \u00fcber die gesamte Saison\",\"Sehr gesund, robust \\u0026 pflegeleicht: F\u00fcr Einsteiger geeignet\",\"W\u00e4chst kompakt: Ideal f\u00fcr kleine G\u00e4rten, Vorg\u00e4rten \\u0026 den Topf\\n\"],\"variants\" : [ {\"sku\": \"OP-RODR-0283\",\"available\": false, \"compareAtPriceString\": \"\", \"priceString\": \"24,99 \u20ac\", \"compareAtPrice\": 0.0, \"price\": 24.99, \"sale\":false, \"percentage\":\"\", \"priceCurrency\" : \"EUR\", \"url\" : \"https://shop.plantura.garden/products/bodendeckerrose-red-drift-rot?variant=44373911044362\",\"isSet\":false}], \"handle\" : \"bodendeckerrose-red-drift-rot\"}, { \"name\": \"Brautspiere Wei\u00df\", \"unitPrice\" : \"\", \"compareAtPriceString\": \"\", \"priceString\": \"21,99 \u20ac\", \"compareAtPrice\": 0.0, \"price\": 21.99, \"sale\":false, \"percentage\":\"\", \"badge\": \"angebot\", \"url\": \"https://shop.plantura.garden/products/brautspiere-weiss\", \"available\": true, \"availabilityInfo\":\"\", \"campaignInfo\":\"pflanzen-draussen\",\"isSet\": false, \"priceLabel\": \"\", \"compareAtPriceLabel\": \"\",\"reviewsData\":{\"reviewCount\": 1, \"reviewAverageValue\": 5.0},\"image\": \"https://shop.plantura.garden/cdn/shop/files/brautspiere-weiss-kaufen_b645b3ff-71a1-4372-b9c8-d2ad096a7ae7_1427x.png?v=1691766795\",\"tags\": \"braut spierstrauch,deciduous shrubs,flowering shrubs,jeddeloh,live plants,outdoor,pflanzen,pot-discount,schneespiere,spierstrauch,spiraea arguta,Spiraea x arguta,spring bloomer\",\"bulletPoints\": [\"Reichbl\u00fchendes Ziergeh\u00f6lz mit duftenden, wei\u00dfen Bl\u00fcten\",\"Locker-eleganter Wuchs mit \u00fcberh\u00e4ngenden Trieben\",\"Sehr robust \\u0026 trockenheitstolerant \"],\"variants\" : [ {\"sku\": \"OP-SPAR-0164\",\"available\": true, \"compareAtPriceString\": \"\", \"priceString\": \"21,99 \u20ac\", \"compareAtPrice\": 0.0, \"price\": 21.99, \"sale\":false, \"percentage\":\"\", \"priceCurrency\" : \"EUR\", \"url\" : \"https://shop.plantura.garden/products/brautspiere-weiss?variant=44327884914954\",\"isSet\":false}, {\"sku\": \"OP-SPAR-0162\",\"available\": true, \"compareAtPriceString\": \"\", \"priceString\": \"39,99 \u20ac\", \"compareAtPrice\": 0.0, \"price\": 39.99, \"sale\":false, \"percentage\":\"\", \"priceCurrency\" : \"EUR\", \"url\" : \"https://shop.plantura.garden/products/brautspiere-weiss?variant=44327884947722\",\"isSet\":false}], \"handle\" : \"brautspiere-weiss\"}, { \"name\": \"Buch Regrow your Veggies: Gem\u00fcsereste endlos nachwachsen lassen\", \"unitPrice\" : \"\", \"compareAtPriceString\": \"\", \"priceString\": \"9,95 \u20ac\", \"compareAtPrice\": 0.0, \"price\": 9.95, \"sale\":false, \"percentage\":\"\", \"badge\": \"angebot\", \"url\": \"https://shop.plantura.garden/products/buch-regrow-your-veggies\", \"available\": true, \"availabilityInfo\":\"\", \"campaignInfo\":\"geschenke\",\"isSet\": false, \"priceLabel\": \"\", \"compareAtPriceLabel\": \"\",\"reviewsData\":{\"reviewCount\": 38, \"reviewAverageValue\": 4.8},\"image\": \"https://shop.plantura.garden/cdn/shop/files/regrow-your-veggies-buch_1476x.png?v=1691652940\",\"tags\": \"books,B\u00fccher,category_geschenkideen,gem\u00fcse,geschenk,geschenkidee,regrow,regrowing,taschenbuch\",\"bulletPoints\": [\"SPIEGEL-Bestseller mit leicht verst\u00e4ndlichen \\u0026 liebevollen Illustrationen\",\"\u00dcber 20 vermeintliche K\u00fcchenabf\u00e4lle einfach nachwachsen lassen\",\"Ideales Geschenk f\u00fcr alle, die die Welt etwas gr\u00fcner machen wollen\"],\"variants\" : [ {\"sku\": \"RG-2021-15\",\"available\": true, \"compareAtPriceString\": \"\", \"priceString\": \"9,95 \u20ac\", \"compareAtPrice\": 0.0, \"price\": 9.95, \"sale\":false, \"percentage\":\"\", \"priceCurrency\" : \"EUR\", \"url\" : \"https://shop.plantura.garden/products/buch-regrow-your-veggies?variant=33591527800920\",\"isSet\":false}], \"handle\" : \"buch-regrow-your-veggies\"}, { \"name\": \"Buchsbaumz\u00fcnslerfalle Nachf\u00fcllpack 6 Dispenser\", \"unitPrice\" : \"\", \"compareAtPriceString\": \"\", \"priceString\": \"7,99 \u20ac\", \"compareAtPrice\": 0.0, \"price\": 7.99, \"sale\":false, \"percentage\":\"\", \"badge\": \"angebot\", \"url\": \"https://shop.plantura.garden/products/buchsbaumzuenslerfalle-nachfuellpack\", \"available\": true, \"availabilityInfo\":\"\", \"campaignInfo\":\"pflanzenschutz\",\"isSet\": false, \"priceLabel\": \"\", \"compareAtPriceLabel\": \"\",\"reviewsData\":{\"reviewCount\": 76, \"reviewAverageValue\": 4.6},\"image\": \"https://shop.plantura.garden/cdn/shop/files/nachfuellpack-buchsbaumzuenslerfalle_1476x.png?v=1691136822\",\"tags\": \"buchsbaum,Buchsbaumz\u00fcnsler,category_n\u00fctzlinge-&-pflanzenschutz,fight box tree moths,lockstoff,pest traps,pheromonfalle\",\"bulletPoints\": [\"6 Nachf\u00fcll-Dispenser f\u00fcr unsere wiederverwendbare Z\u00fcnslerfalle\",\"Dispenser mit Pheromonen, die m\u00e4nnliche Buchsbaumz\u00fcnsler-Falter anziehen\",\"100% insektizidfrei - unbedenklich f\u00fcr Mensch \\u0026 Haustiere\"],\"variants\" : [ {\"sku\": \"15-P8AF-7F3M\",\"available\": true, \"compareAtPriceString\": \"\", \"priceString\": \"7,99 \u20ac\", \"compareAtPrice\": 0.0, \"price\": 7.99, \"sale\":false, \"percentage\":\"\", \"priceCurrency\" : \"EUR\", \"url\" : \"https://shop.plantura.garden/products/buchsbaumzuenslerfalle-nachfuellpack?variant=33141093859416\",\"isSet\":false}], \"handle\" : \"buchsbaumzuenslerfalle-nachfuellpack\"}, { \"name\": \"Buntbl\u00e4ttrige Blasenspiere \\u0026#39;Amber Jubilee\\u0026#39;\u00ae\", \"unitPrice\" : \"\", \"compareAtPriceString\": \"\", \"priceString\": \"26,99 \u20ac\", \"compareAtPrice\": 0.0, \"price\": 26.99, \"sale\":false, \"percentage\":\"\", \"badge\": \"angebot\", \"url\": \"https://shop.plantura.garden/products/buntblaettrige-blasenspiere-amber-jubilee\", \"available\": true, \"availabilityInfo\":\"\", \"campaignInfo\":\"pflanzen-draussen\",\"isSet\": false, \"priceLabel\": \"\", \"compareAtPriceLabel\": \"\",\"reviewsData\":{\"reviewCount\": 2, \"reviewAverageValue\": 4.0},\"image\": \"https://shop.plantura.garden/cdn/shop/files/blasenspiere-amber-jubilee-kaufen_1476x.png?v=1692798287\",\"tags\": \"beefriendly,deciduous shrubs,drought tolerant,fasanenspiere,flowering shrubs,foliage,jeddeloh,live plants,outdoor,pflanzen,physocarpus,physocarpus opulifolius,pot-discount,spring bloomer\",\"bulletPoints\": [\"Herrlich sch\u00f6ne Laubf\u00e4rbung im Herbst von Orangegelb zu Violett\",\"Bienenfreundlich: Dekorative, wei\u00dfe Bl\u00fctenkugeln von Mai bis Juni\",\"Winterhart \\u0026 pflegeleicht \u2013 ideal solit\u00e4r, als bunte Hecke oder im K\u00fcbel\"],\"variants\" : [ {\"sku\": \"OP-PHOP-0147\",\"available\": true, \"compareAtPriceString\": \"\", \"priceString\": \"26,99 \u20ac\", \"compareAtPrice\": 0.0, \"price\": 26.99, \"sale\":false, \"percentage\":\"\", \"priceCurrency\" : \"EUR\", \"url\" : \"https://shop.plantura.garden/products/buntblaettrige-blasenspiere-amber-jubilee?variant=44327855718666\",\"isSet\":false}, {\"sku\": \"OP-PHOP-0146\",\"available\": true, \"compareAtPriceString\": \"\", \"priceString\": \"54,99 \u20ac\", \"compareAtPrice\": 0.0, \"price\": 54.99, \"sale\":false, \"percentage\":\"\", \"priceCurrency\" : \"EUR\", \"url\" : \"https://shop.plantura.garden/products/buntblaettrige-blasenspiere-amber-jubilee?variant=44327855751434\",\"isSet\":false}], \"handle\" : \"buntblaettrige-blasenspiere-amber-jubilee\"}, { \"name\": \"Buntbl\u00e4ttrige Weigelie \\u0026#39;Nana Variegata\\u0026#39; Wei\u00dfrosa\", \"unitPrice\" : \"\", \"compareAtPriceString\": \"\", \"priceString\": \"24,99 \u20ac\", \"compareAtPrice\": 0.0, \"price\": 24.99, \"sale\":false, \"percentage\":\"\", \"badge\": \"angebot\", \"url\": \"https://shop.plantura.garden/products/buntblaettrige-weigelie-nana-variegata-weissrosa\", \"available\": true, \"availabilityInfo\":\"\", \"campaignInfo\":\"pflanzen-draussen\",\"isSet\": false, \"priceLabel\": \"\", \"compareAtPriceLabel\": \"\",\"reviewsData\":{\"reviewCount\": 4, \"reviewAverageValue\": 5.0},\"image\": \"https://shop.plantura.garden/cdn/shop/files/weigelie-nana-variegata-kaufen_1280x.png?v=1692799486\",\"tags\": \"beefriendly,deciduous shrubs,flowering shrubs,foliage,jeddeloh,live plants,outdoor,pflanzen,pot-discount,weigela,weigela florida\",\"bulletPoints\": [\"F\u00fclle an wundersch\u00f6nen, wei\u00dfrosa Bl\u00fcten im Mai \\u0026 Juni\",\"Zweifarbiger Blattschmuck in Gr\u00fcn mit gelben R\u00e4ndern\",\"Wertvolle Bienen- \\u0026 Insektenweide f\u00fcr Beet oder Topf\"],\"variants\" : [ {\"sku\": \"OP-WGFL-0174\",\"available\": true, \"compareAtPriceString\": \"\", \"priceString\": \"24,99 \u20ac\", \"compareAtPrice\": 0.0, \"price\": 24.99, \"sale\":false, \"percentage\":\"\", \"priceCurrency\" : \"EUR\", \"url\" : \"https://shop.plantura.garden/products/buntblaettrige-weigelie-nana-variegata-weissrosa?variant=44327892451594\",\"isSet\":false}], \"handle\" : \"buntblaettrige-weigelie-nana-variegata-weissrosa\"}, { \"name\": \"Buntlaubige Berberitze \\u0026#39;Harlequin\\u0026#39;\", \"unitPrice\" : \"\", \"compareAtPriceString\": \"\", \"priceString\": \"24,99 \u20ac\", \"compareAtPrice\": 0.0, \"price\": 24.99, \"sale\":false, \"percentage\":\"\", \"badge\": \"angebot\", \"url\": \"https://shop.plantura.garden/products/buntlaubige-berberitze-harlequin\", \"available\": true, \"availabilityInfo\":\"\", \"campaignInfo\":\"pflanzen-draussen\",\"isSet\": false, \"priceLabel\": \"\", \"compareAtPriceLabel\": \"\",\"reviewsData\":{\"reviewCount\": 2, \"reviewAverageValue\": 4.5},\"image\": \"https://shop.plantura.garden/cdn/shop/files/berberitze-harlequin-kaufen_1230x.png?v=1692796015\",\"tags\": \"barberry,beefriendly,berberis,berberitze,birdfriendly,blutberberitze,deciduous shrubs,drought tolerant,foliage,heckenberberitze,jeddeloh,live plants,outdoor,pflanzen,pot-discount,thunberg berberitze\",\"bulletPoints\": [\"Farbenpr\u00e4chtiges Laub mit wei\u00dfer, rosa \\u0026 roter Marmorierung\",\"Scharlachrote Laubf\u00e4rbung im Herbst\",\"Wertvolle Bienenweide \u2013 auch ideal als laubsch\u00f6ne Hecke\"],\"variants\" : [ {\"sku\": \"OP-BETH-0260\",\"available\": true, \"compareAtPriceString\": \"\", \"priceString\": \"24,99 \u20ac\", \"compareAtPrice\": 0.0, \"price\": 24.99, \"sale\":false, \"percentage\":\"\", \"priceCurrency\" : \"EUR\", \"url\" : \"https://shop.plantura.garden/products/buntlaubige-berberitze-harlequin?variant=44373857960202\",\"isSet\":false}], \"handle\" : \"buntlaubige-berberitze-harlequin\"}, { \"name\": \"Calathea \\u0026#39;Medaillon\\u0026#39;\", \"unitPrice\" : \"\", \"compareAtPriceString\": \"\", \"priceString\": \"36,99 \u20ac\", \"compareAtPrice\": 0.0, \"price\": 36.99, \"sale\":false, \"percentage\":\"\", \"badge\": \"angebot\", \"url\": \"https://shop.plantura.garden/products/calathea-medaillon\", \"available\": true, \"availabilityInfo\":\"\", \"campaignInfo\":\"zimmerpflanzen\",\"isSet\": false, \"priceLabel\": \"\", \"compareAtPriceLabel\": \"\",\"reviewsData\":{\"reviewCount\": 2, \"reviewAverageValue\": 5.0},\"image\": \"https://shop.plantura.garden/cdn/shop/files/plantura-calathea-medaillon-kaufen_1476x.png?v=1693465438\",\"tags\": \"calathea,eflora,gr\u00fcnpflanzen,indoor,katzenfreundlich,korbmarante,limited-quantity,live plants,luftreinigend,pflanzen,pot-discount,special leaf\",\"bulletPoints\": [\"Tropische Zimmerpflanze mit beeindruckender Blattmusterung\",\"Luftreinigende Mitbewohnerin \u2013 ungiftig \\u0026 haustierfreundlich\",\"Ideal f\u00fcr Pflanzenfreunde mit etwas Erfahrung\"],\"variants\" : [ {\"sku\": \"IP-CAME-0064\",\"available\": true, \"compareAtPriceString\": \"\", \"priceString\": \"36,99 \u20ac\", \"compareAtPrice\": 0.0, \"price\": 36.99, \"sale\":false, \"percentage\":\"\", \"priceCurrency\" : \"EUR\", \"url\" : \"https://shop.plantura.garden/products/calathea-medaillon?variant=44678629261578\",\"isSet\":false}], \"handle\" : \"calathea-medaillon\"}, { \"name\": \"Calathea orbifolia\", \"unitPrice\" : \"\", \"compareAtPriceString\": \"\", \"priceString\": \"36,99 \u20ac\", \"compareAtPrice\": 0.0, \"price\": 36.99, \"sale\":false, \"percentage\":\"\", \"badge\": \"angebot\", \"url\": \"https://shop.plantura.garden/products/calathea-orbifolia\", \"available\": true, \"availabilityInfo\":\"\", \"campaignInfo\":\"zimmerpflanzen\",\"isSet\": false, \"priceLabel\": \"\", \"compareAtPriceLabel\": \"\",\"reviewsData\":{\"reviewCount\": 34, \"reviewAverageValue\": 4.7},\"image\": \"https://shop.plantura.garden/cdn/shop/products/plantura-calathea-orbifolia-kaufen_1476x.png?v=1663155648\",\"tags\": \"calathea,eflora,gr\u00fcnpflanzen,indoor,katzenfreundlich,korbmarante,live plants,luftreinigend,pflanzen,pot-discount,special leaf,wenig licht\",\"bulletPoints\": [\"Echter Blickfang mit hell- bis minzgr\u00fcn gestreiften, ovalen Bl\u00e4ttern\",\"Ungiftige Zimmerpflanze: Ideal f\u00fcr Pflanzenfreunde mit Haustieren \\u0026 Kindern\",\"Luftreinigende Sch\u00f6nheit f\u00fcr helle bis halbschattige Standorte\"],\"variants\" : [ {\"sku\": \"IP-CAOR-0016\",\"available\": true, \"compareAtPriceString\": \"\", \"priceString\": \"36,99 \u20ac\", \"compareAtPrice\": 0.0, \"price\": 36.99, \"sale\":false, \"percentage\":\"\", \"priceCurrency\" : \"EUR\", \"url\" : \"https://shop.plantura.garden/products/calathea-orbifolia?variant=43725397000458\",\"isSet\":false}], \"handle\" : \"calathea-orbifolia\"}, { \"name\": \"Calathea rufibarba\", \"unitPrice\" : \"\", \"compareAtPriceString\": \"\", \"priceString\": \"28,99 \u20ac\", \"compareAtPrice\": 0.0, \"price\": 28.99, \"sale\":false, \"percentage\":\"\", \"badge\": \"angebot\", \"url\": \"https://shop.plantura.garden/products/calathea-rufibarba\", \"available\": true, \"availabilityInfo\":\"\", \"campaignInfo\":\"zimmerpflanzen\",\"isSet\": false, \"priceLabel\": \"\", \"compareAtPriceLabel\": \"\",\"reviewsData\":{\"reviewCount\": 19, \"reviewAverageValue\": 4.8},\"image\": \"https://shop.plantura.garden/cdn/shop/products/plantura-calathea-rufibarba-kaufen_1476x.png?v=1663155686\",\"tags\": \"calathea,eflora,gr\u00fcnpflanzen,indoor,katzenfreundlich,korbmarante,live plants,luftreinigend,pflanzen,pflegeleicht,pot-discount,wenig licht\",\"bulletPoints\": [\"Samtige, gr\u00fcne Bl\u00e4tter mit weichem Flaum \\u0026 welligem Rand\",\"Ungiftige Zimmerpflanze: Perfekt f\u00fcr Familien mit Haustieren \\u0026 Kindern\",\"F\u00fcr jeden Standort geeignet, gedeiht auch bei wenig Licht pr\u00e4chtig\"],\"variants\" : [ {\"sku\": \"IP-CARH-0011\",\"available\": true, \"compareAtPriceString\": \"\", \"priceString\": \"28,99 \u20ac\", \"compareAtPrice\": 0.0, \"price\": 28.99, \"sale\":false, \"percentage\":\"\", \"priceCurrency\" : \"EUR\", \"url\" : \"https://shop.plantura.garden/products/calathea-rufibarba?variant=43725398212874\",\"isSet\":false}], \"handle\" : \"calathea-rufibarba\"}, { \"name\": \"Calathea warscewiczii\", \"unitPrice\" : \"\", \"compareAtPriceString\": \"\", \"priceString\": \"38,99 \u20ac\", \"compareAtPrice\": 0.0, \"price\": 38.99, \"sale\":false, \"percentage\":\"\", \"badge\": \"angebot\", \"url\": \"https://shop.plantura.garden/products/calathea-warscewiczii\", \"available\": true, \"availabilityInfo\":\"\", \"campaignInfo\":\"zimmerpflanzen\",\"isSet\": false, \"priceLabel\": \"\", \"compareAtPriceLabel\": \"\",\"reviewsData\":{\"reviewCount\": 1, \"reviewAverageValue\": 5.0},\"image\": \"https://shop.plantura.garden/cdn/shop/files/plantura-calathea-warscewiczii-kaufen_1476x.png?v=1693465464\",\"tags\": \"calathea,eflora,gr\u00fcnpflanzen,indoor,katzenfreundlich,korbmarante,limited-quantity,live plants,maranta warscewiczii,pflanzen,pot-discount,special leaf\",\"bulletPoints\": [\"Toller Blattschmuck: Gro\u00dfe \\u0026 samtige, gr\u00fcn-violette Bl\u00e4tter\",\"Perfekt f\u00fcr Tierfreunde: Ungiftig \\u0026 haustierfreundlich\",\"Ideale Mitbewohnerin f\u00fcr Pflanzenfreunde mit etwas Erfahrung\"],\"variants\" : [ {\"sku\": \"IP-CAWA-0033\",\"available\": true, \"compareAtPriceString\": \"\", \"priceString\": \"38,99 \u20ac\", \"compareAtPrice\": 0.0, \"price\": 38.99, \"sale\":false, \"percentage\":\"\", \"priceCurrency\" : \"EUR\", \"url\" : \"https://shop.plantura.garden/products/calathea-warscewiczii?variant=44678630375690\",\"isSet\":false}], \"handle\" : \"calathea-warscewiczii\"}, { \"name\": \"Ceylon-Bogenhanf\", \"unitPrice\" : \"\", \"compareAtPriceString\": \"\", \"priceString\": \"27,99 \u20ac\", \"compareAtPrice\": 0.0, \"price\": 27.99, \"sale\":false, \"percentage\":\"\", \"badge\": \"angebot\", \"url\": \"https://shop.plantura.garden/products/ceylon-bogenhanf-sansevieria-zeylanica\", \"available\": true, \"availabilityInfo\":\"\", \"campaignInfo\":\"zimmerpflanzen\",\"isSet\": false, \"priceLabel\": \"\", \"compareAtPriceLabel\": \"\",\"reviewsData\":{\"reviewCount\": 15, \"reviewAverageValue\": 4.8},\"image\": \"https://shop.plantura.garden/cdn/shop/files/plantura-ceylon-bogenhanf-kaufen_a4d0bfdc-1d47-49c5-a6e3-3f84162b942b_1476x.png?v=1686127071\",\"tags\": \"eflora,gr\u00fcnpflanzen,indoor,kaktus,live plants,luftreinigend,pflanzen,pflegeleicht,pot-discount,succulents,sukkulente,wenig licht\",\"bulletPoints\": [\"Luftreinigende Sansevieria mit dunkel- \\u0026 hellgr\u00fcn gemusterten Bl\u00e4ttern\",\"Pflegeleichte \\u0026 gen\u00fcgsame Zimmerpflanze \u2013 ideal f\u00fcr Einsteiger\",\"Geeignet f\u00fcr jeden sehr hellen bis halbschattigen Raum\"],\"variants\" : [ {\"sku\": \"IP-SAZE-0013\",\"available\": true, \"compareAtPriceString\": \"\", \"priceString\": \"27,99 \u20ac\", \"compareAtPrice\": 0.0, \"price\": 27.99, \"sale\":false, \"percentage\":\"\", \"priceCurrency\" : \"EUR\", \"url\" : \"https://shop.plantura.garden/products/ceylon-bogenhanf-sansevieria-zeylanica?variant=43725406241034\",\"isSet\":false}, {\"sku\": \"IP-SAZE-0058\",\"available\": true, \"compareAtPriceString\": \"\", \"priceString\": \"45,99 \u20ac\", \"compareAtPrice\": 0.0, \"price\": 45.99, \"sale\":false, \"percentage\":\"\", \"priceCurrency\" : \"EUR\", \"url\" : \"https://shop.plantura.garden/products/ceylon-bogenhanf-sansevieria-zeylanica?variant=44591259812106\",\"isSet\":false}], \"handle\" : \"ceylon-bogenhanf-sansevieria-zeylanica\"}, { \"name\": \"Chili-Anzuchtset\", \"unitPrice\" : \"\", \"compareAtPriceString\": \"\", \"priceString\": \"16,99 \u20ac\", \"compareAtPrice\": 0.0, \"price\": 16.99, \"sale\":false, \"percentage\":\"\", \"badge\": \"angebot\", \"url\": \"https://shop.plantura.garden/products/chili-anzuchtset\", \"available\": true, \"availabilityInfo\":\"\", \"campaignInfo\":\"saatgut\",\"isSet\": false, \"priceLabel\": \"\", \"compareAtPriceLabel\": \"\",\"reviewsData\":{\"reviewCount\": 109, \"reviewAverageValue\": 4.6},\"image\": \"https://shop.plantura.garden/cdn/shop/files/chili-anzuchtset-plantura_1476x.png?v=1691138781\",\"tags\": \"anzucht-sets,anzuchtsubstrat,anzuchtt\u00f6pfe,aussaat,balkon,category_saatgut,chili,chili samen,chilli,chillis,gem\u00fcse,geschenk,gew\u00e4chshaus,green-week-22,greenweek-geschenkideen,grow kits,grow vegetables,kinder,saat,saatgut,samen\",\"bulletPoints\": [\"Komplettes Set zur Aussaat von 5 feurigen Chilisorten\",\"Rundumpaket mit Chili-Samen, T\u00f6pfchen, Substrat \\u0026 ausf\u00fchrlicher Anleitung\",\"Inklusive kostenlosem Video-Kurs zur Anzucht - auch ideal f\u00fcr Anf\u00e4nger\"],\"variants\" : [ {\"sku\": \"G1-NYQG-XWFG\",\"available\": true, \"compareAtPriceString\": \"\", \"priceString\": \"16,99 \u20ac\", \"compareAtPrice\": 0.0, \"price\": 16.99, \"sale\":false, \"percentage\":\"\", \"priceCurrency\" : \"EUR\", \"url\" : \"https://shop.plantura.garden/products/chili-anzuchtset?variant=33476675960920\",\"isSet\":false}], \"handle\" : \"chili-anzuchtset\"}, { \"name\": \"Chinaschilf \\u0026#39;Gracillimus\\u0026#39;\", \"unitPrice\" : \"\", \"compareAtPriceString\": \"\", \"priceString\": \"24,99 \u20ac\", \"compareAtPrice\": 0.0, \"price\": 24.99, \"sale\":false, \"percentage\":\"\", \"badge\": \"angebot\", \"url\": \"https://shop.plantura.garden/products/chinaschilf-gracillimus\", \"available\": false, \"availabilityInfo\":\"\", \"campaignInfo\":\"pflanzen-draussen\",\"isSet\": false, \"priceLabel\": \"\", \"compareAtPriceLabel\": \"\",\"reviewsData\":{\"reviewCount\": 0, \"reviewAverageValue\": 0.0},\"image\": \"https://shop.plantura.garden/cdn/shop/files/chinaschilf-gracillimus-kaufen_e2310fdc-082e-48e5-b3b2-57ebc61a2549_1476x.png?v=1691764995\",\"tags\": \"elefantengras,feinhalm chinaschilf,jeddeloh,live plants,miscanthus,miscanthus sinensis,ornamental grasses,outdoor,pflanzen,pot-discount,ziergras\",\"bulletPoints\": [\"Elegante, feine Halme mit r\u00f6tlicher F\u00e4rbung im Herbst\\n\",\"Zahlreiche, langanhaltende Bl\u00fctenwedel von September bis Februar\",\"Kompakt, winterhart \\u0026 pflegeleicht: Ideal f\u00fcr Topf oder Beet\\n\"],\"variants\" : [ {\"sku\": \"OP-MISI-0119\",\"available\": false, \"compareAtPriceString\": \"\", \"priceString\": \"24,99 \u20ac\", \"compareAtPrice\": 0.0, \"price\": 24.99, \"sale\":false, \"percentage\":\"\", \"priceCurrency\" : \"EUR\", \"url\" : \"https://shop.plantura.garden/products/chinaschilf-gracillimus?variant=44601858064650\",\"isSet\":false}], \"handle\" : \"chinaschilf-gracillimus\"}, { \"name\": \"Chinaschilf \\u0026#39;Malepartus\\u0026#39;\", \"unitPrice\" : \"\", \"compareAtPriceString\": \"\", \"priceString\": \"24,99 \u20ac\", \"compareAtPrice\": 0.0, \"price\": 24.99, \"sale\":false, \"percentage\":\"\", \"badge\": \"angebot\", \"url\": \"https://shop.plantura.garden/products/chinaschilf-malepartus\", \"available\": false, \"availabilityInfo\":\"\", \"campaignInfo\":\"pflanzen-draussen\",\"isSet\": false, \"priceLabel\": \"\", \"compareAtPriceLabel\": \"\",\"reviewsData\":{\"reviewCount\": 1, \"reviewAverageValue\": 5.0},\"image\": \"https://shop.plantura.garden/cdn/shop/files/chinaschilf-malepartus-kaufen_1280x.png?v=1692798165\",\"tags\": \"asia,jeddeloh,live plants,miscanthus,miscanthus sinensis,ornamental grasses,outdoor,pflanzen,pot-discount,stachelschweingras,zebraschilf\",\"bulletPoints\": [\"Aufrechte, r\u00f6tliche Bl\u00fctenwedel \\u0026 dekorative Halme\",\"Pr\u00e4chtige Herbstf\u00e4rbung in Gelbt\u00f6nen mit silbrigem Fruchtschmuck\\n\",\"Horstbildend \\u0026 winterhart: Ideal als Solit\u00e4r, im K\u00fcbel \\u0026 als Sichtschutz\\n\"],\"variants\" : [ {\"sku\": \"OP-MISI-0120\",\"available\": false, \"compareAtPriceString\": \"\", \"priceString\": \"24,99 \u20ac\", \"compareAtPrice\": 0.0, \"price\": 24.99, \"sale\":false, \"percentage\":\"\", \"priceCurrency\" : \"EUR\", \"url\" : \"https://shop.plantura.garden/products/chinaschilf-malepartus?variant=44373904425226\",\"isSet\":false}, {\"sku\": \"OP-MISI-0360\",\"available\": false, \"compareAtPriceString\": \"\", \"priceString\": \"59,99 \u20ac\", \"compareAtPrice\": 0.0, \"price\": 59.99, \"sale\":false, \"percentage\":\"\", \"priceCurrency\" : \"EUR\", \"url\" : \"https://shop.plantura.garden/products/chinaschilf-malepartus?variant=44373904457994\",\"isSet\":false}], \"handle\" : \"chinaschilf-malepartus\"}, { \"name\": \"Chinaschilf \u2018Ferner Osten\u2019\", \"unitPrice\" : \"\", \"compareAtPriceString\": \"\", \"priceString\": \"25,99 \u20ac\", \"compareAtPrice\": 0.0, \"price\": 25.99, \"sale\":false, \"percentage\":\"\", \"badge\": \"angebot\", \"url\": \"https://shop.plantura.garden/products/chinaschilf-ferner-osten\", \"available\": false, \"availabilityInfo\":\"\", \"campaignInfo\":\"pflanzen-draussen\",\"isSet\": false, \"priceLabel\": \"\", \"compareAtPriceLabel\": \"\",\"reviewsData\":{\"reviewCount\": 3, \"reviewAverageValue\": 4.3},\"image\": \"https://shop.plantura.garden/cdn/shop/files/chinaschilf-ferner-osten_1329x.png?v=1692798146\",\"tags\": \"asia,elefantengras,jeddeloh,live plants,miscanthus,miscanthus sinensis,ornamental grasses,outdoor,pflanzen,pot-discount\",\"bulletPoints\": [\"Wundersch\u00f6nes, \u00fcberh\u00e4ngendes Ziergras mit r\u00f6tlicher Herbstf\u00e4rbung\",\"Winterhart \\u0026 robust \u2013 perfekt f\u00fcr Garten, Balkon oder Terrasse\",\"F\u00fchlt sich an sonnigen bis halbschattigen Standorten wohl\"],\"variants\" : [ {\"sku\": \"OP-MISI-0045\",\"available\": false, \"compareAtPriceString\": \"\", \"priceString\": \"25,99 \u20ac\", \"compareAtPrice\": 0.0, \"price\": 25.99, \"sale\":false, \"percentage\":\"\", \"priceCurrency\" : \"EUR\", \"url\" : \"https://shop.plantura.garden/products/chinaschilf-ferner-osten?variant=43655004094730\",\"isSet\":false}], \"handle\" : \"chinaschilf-ferner-osten\"}, { \"name\": \"Chinesischer Judasbaum \\u0026#39;Avondale\\u0026#39; Violettrosa\", \"unitPrice\" : \"\", \"compareAtPriceString\": \"\", \"priceString\": \"42,99 \u20ac\", \"compareAtPrice\": 0.0, \"price\": 42.99, \"sale\":false, \"percentage\":\"\", \"badge\": \"angebot\", \"url\": \"https://shop.plantura.garden/products/chinesischer-judasbaum-avondale-violettrosa\", \"available\": true, \"availabilityInfo\":\"\", \"campaignInfo\":\"pflanzen-draussen\",\"isSet\": false, \"priceLabel\": \"\", \"compareAtPriceLabel\": \"\",\"reviewsData\":{\"reviewCount\": 3, \"reviewAverageValue\": 5.0},\"image\": \"https://shop.plantura.garden/cdn/shop/files/chinesischer-judasbaum-avondale-kaufen_1427x.png?v=1692796325\",\"tags\": \"asia,beefriendly,cercis chinensis,deciduous shrubs,drought tolerant,flowering shrubs,jeddeloh,live plants,outdoor,pflanzen,pot-discount,spring bloomer,zwerg judasbaum\",\"bulletPoints\": [\"Bienenfreundliche, leuchtend rosafarbene Bl\u00fctenpracht im Fr\u00fchjahr\",\"Breiter, aufrechter Wuchs: Ideal f\u00fcr Beet \\u0026 Topf\",\"Liebt sonnige Standorte mit n\u00e4hrstoffreichem Substrat\"],\"variants\" : [ {\"sku\": \"OP-CECH-0131\",\"available\": true, \"compareAtPriceString\": \"\", \"priceString\": \"42,99 \u20ac\", \"compareAtPrice\": 0.0, \"price\": 42.99, \"sale\":false, \"percentage\":\"\", \"priceCurrency\" : \"EUR\", \"url\" : \"https://shop.plantura.garden/products/chinesischer-judasbaum-avondale-violettrosa?variant=44327841038602\",\"isSet\":false}], \"handle\" : \"chinesischer-judasbaum-avondale-violettrosa\"}, { \"name\": \"Clematis \\u0026#39;Hagley Hybrid\\u0026#39; Rosa\", \"unitPrice\" : \"\", \"compareAtPriceString\": \"\", \"priceString\": \"32,99 \u20ac\", \"compareAtPrice\": 0.0, \"price\": 32.99, \"sale\":false, \"percentage\":\"\", \"badge\": \"angebot\", \"url\": \"https://shop.plantura.garden/products/clematis-hagley-hybrid-rosa\", \"available\": true, \"availabilityInfo\":\"\", \"campaignInfo\":\"pflanzen-draussen\",\"isSet\": false, \"priceLabel\": \"\", \"compareAtPriceLabel\": \"\",\"reviewsData\":{\"reviewCount\": 0, \"reviewAverageValue\": 0.0},\"image\": \"https://shop.plantura.garden/cdn/shop/files/clematis-hagley-hybrid-kaufen_1476x.png?v=1692796452\",\"tags\": \"balcony,beefriendly,clematis,climbing plant,flowering shrubs,klematis,kletterpflanze,kletterpflanzen,live plants,outdoor,pflanzen,pot-discount,reiners,waldrebe\",\"bulletPoints\": [\"Spektakul\u00e4re rosa Bl\u00fctenpracht von Juni bis September\",\"Einsteigerfreundliche Kletterpflanze f\u00fcr Beet, Balkon oder Terrasse\",\"Bienenfreundlich, pflegeleicht \\u0026 sehr gut winterhart\"],\"variants\" : [ {\"sku\": \"OP-CLHA-0460\",\"available\": true, \"compareAtPriceString\": \"\", \"priceString\": \"32,99 \u20ac\", \"compareAtPrice\": 0.0, \"price\": 32.99, \"sale\":false, \"percentage\":\"\", \"priceCurrency\" : \"EUR\", \"url\" : \"https://shop.plantura.garden/products/clematis-hagley-hybrid-rosa?variant=44659355713802\",\"isSet\":false}], \"handle\" : \"clematis-hagley-hybrid-rosa\"}, { \"name\": \"Clematis \\u0026#39;Paul Farges\\u0026#39; Wei\u00df\", \"unitPrice\" : \"\", \"compareAtPriceString\": \"\", \"priceString\": \"32,99 \u20ac\", \"compareAtPrice\": 0.0, \"price\": 32.99, \"sale\":false, \"percentage\":\"\", \"badge\": \"angebot\", \"url\": \"https://shop.plantura.garden/products/clematis-paul-farges-weiss\", \"available\": true, \"availabilityInfo\":\"\", \"campaignInfo\":\"pflanzen-draussen\",\"isSet\": false, \"priceLabel\": \"\", \"compareAtPriceLabel\": \"\",\"reviewsData\":{\"reviewCount\": 0, \"reviewAverageValue\": 0.0},\"image\": \"https://shop.plantura.garden/cdn/shop/files/clematis-paul-farges-kaufen_1476x.png?v=1692796436\",\"tags\": \"beefriendly,clematis,clematis summer snow,climbing plant,flowering shrubs,klematis,kletterpflanze,kletterpflanzen,live plants,outdoor,pflanzen,pot-discount,reiners,summer snow,waldrebe\",\"bulletPoints\": [\"Zahlreiche zarte, sternf\u00f6rmige Bl\u00fcten in zauberhaftem Wei\u00df\\n\",\"Schnellwachsende Kletterpflanze \u2013 ideal als Sichtschutz\\n\",\"Wertvolles Insektenn\u00e4hrgeh\u00f6lz \u2013 Nahrung f\u00fcr N\u00fctzlinge wie Bienen\\n\"],\"variants\" : [ {\"sku\": \"OP-CLFA-0462\",\"available\": true, \"compareAtPriceString\": \"\", \"priceString\": \"32,99 \u20ac\", \"compareAtPrice\": 0.0, \"price\": 32.99, \"sale\":false, \"percentage\":\"\", \"priceCurrency\" : \"EUR\", \"url\" : \"https://shop.plantura.garden/products/clematis-paul-farges-weiss?variant=44659355517194\",\"isSet\":false}], \"handle\" : \"clematis-paul-farges-weiss\"}, { \"name\": \"Clematis \\u0026#39;Piilu\\u0026#39; Rosa-Wei\u00df\", \"unitPrice\" : \"\", \"compareAtPriceString\": \"\", \"priceString\": \"32,99 \u20ac\", \"compareAtPrice\": 0.0, \"price\": 32.99, \"sale\":false, \"percentage\":\"\", \"badge\": \"angebot\", \"url\": \"https://shop.plantura.garden/products/clematis-piilu-rosa-weiss\", \"available\": true, \"availabilityInfo\":\"\", \"campaignInfo\":\"pflanzen-draussen\",\"isSet\": false, \"priceLabel\": \"\", \"compareAtPriceLabel\": \"\",\"reviewsData\":{\"reviewCount\": 0, \"reviewAverageValue\": 0.0},\"image\": \"https://shop.plantura.garden/cdn/shop/files/clematis-piilu-kaufen_1476x.png?v=1692796471\",\"tags\": \"balcony,beefriendly,clematis,climbing plant,flowering shrubs,klematis,kletterpflanze,kletterpflanzen,live plants,outdoor,pflanzen,pot-discount,reiners,waldrebe\",\"bulletPoints\": [\"Kletterpflanze mit rosa-wei\u00df gezeichneter Bl\u00fctenpracht\",\"Kompakte Wuchsform \u2013 ideal f\u00fcr Beet, Balkon \\u0026 Terrasse\",\"Sehr gut winterhart, robust \\u0026 pflegeleicht\"],\"variants\" : [ {\"sku\": \"OP-CLPI-0458\",\"available\": true, \"compareAtPriceString\": \"\", \"priceString\": \"32,99 \u20ac\", \"compareAtPrice\": 0.0, \"price\": 32.99, \"sale\":false, \"percentage\":\"\", \"priceCurrency\" : \"EUR\", \"url\" : \"https://shop.plantura.garden/products/clematis-piilu-rosa-weiss?variant=44659355910410\",\"isSet\":false}], \"handle\" : \"clematis-piilu-rosa-weiss\"}, { \"name\": \"Clematis \\u0026#39;Polish Spirit\\u0026#39; Dunkelviolett\", \"unitPrice\" : \"\", \"compareAtPriceString\": \"\", \"priceString\": \"32,99 \u20ac\", \"compareAtPrice\": 0.0, \"price\": 32.99, \"sale\":false, \"percentage\":\"\", \"badge\": \"angebot\", \"url\": \"https://shop.plantura.garden/products/clematis-polish-spirit-dunkelviolett\", \"available\": true, \"availabilityInfo\":\"\", \"campaignInfo\":\"pflanzen-draussen\",\"isSet\": false, \"priceLabel\": \"\", \"compareAtPriceLabel\": \"\",\"reviewsData\":{\"reviewCount\": 0, \"reviewAverageValue\": 0.0},\"image\": \"https://shop.plantura.garden/cdn/shop/files/clematis-polish-spirit-kaufen_1476x.png?v=1692796530\",\"tags\": \"balcony,beefriendly,clematis,climbing plant,flowering shrubs,klematis,kletterpflanze,kletterpflanzen,live plants,outdoor,pflanzen,pot-discount,reiners,waldrebe\",\"bulletPoints\": [\"Fassadenbegr\u00fcner mit dunkelvioletten Bl\u00fcten von Juni bis September\",\"Bienenfreundlich: Wertvolles Insektenn\u00e4hrgeh\u00f6lz\\n\",\"Pflegeleicht \\u0026 ideal f\u00fcr Beet oder Balkon\"],\"variants\" : [ {\"sku\": \"OP-CLVI-0459\",\"available\": true, \"compareAtPriceString\": \"\", \"priceString\": \"32,99 \u20ac\", \"compareAtPrice\": 0.0, \"price\": 32.99, \"sale\":false, \"percentage\":\"\", \"priceCurrency\" : \"EUR\", \"url\" : \"https://shop.plantura.garden/products/clematis-polish-spirit-dunkelviolett?variant=44659356434698\",\"isSet\":false}], \"handle\" : \"clematis-polish-spirit-dunkelviolett\"}, { \"name\": \"Clematis \\u0026#39;Rouge Cardinal\\u0026#39; Burgunderrot\", \"unitPrice\" : \"\", \"compareAtPriceString\": \"\", \"priceString\": \"32,99 \u20ac\", \"compareAtPrice\": 0.0, \"price\": 32.99, \"sale\":false, \"percentage\":\"\", \"badge\": \"angebot\", \"url\": \"https://shop.plantura.garden/products/clematis-rouge-cardinal-burgunderrot\", \"available\": true, \"availabilityInfo\":\"\", \"campaignInfo\":\"pflanzen-draussen\",\"isSet\": false, \"priceLabel\": \"\", \"compareAtPriceLabel\": \"\",\"reviewsData\":{\"reviewCount\": 2, \"reviewAverageValue\": 5.0},\"image\": \"https://shop.plantura.garden/cdn/shop/files/clematis-rouge-cardinal-kaufen_1476x.png?v=1692796489\",\"tags\": \"balcony,beefriendly,clematis,climbing plant,flowering shrubs,klematis,kletterpflanze,kletterpflanzen,live plants,outdoor,pflanzen,pot-discount,reiners,waldrebe\",\"bulletPoints\": [\"Traumhafte Kletterpflanze mit burgunderroter Bl\u00fctenpracht\\n\",\"Insektenn\u00e4hrgeh\u00f6lz: Bienen- \\u0026 schmetterlingsfreundlich\",\"Winterhart, robust \\u0026 anspruchslos \u2013 ideal f\u00fcr Beet \\u0026 Topf\"],\"variants\" : [ {\"sku\": \"OP-CLRO-0461\",\"available\": true, \"compareAtPriceString\": \"\", \"priceString\": \"32,99 \u20ac\", \"compareAtPrice\": 0.0, \"price\": 32.99, \"sale\":false, \"percentage\":\"\", \"priceCurrency\" : \"EUR\", \"url\" : \"https://shop.plantura.garden/products/clematis-rouge-cardinal-burgunderrot?variant=44659356074250\",\"isSet\":false}], \"handle\" : \"clematis-rouge-cardinal-burgunderrot\"}, { \"name\": \"Clematis \\u0026#39;The President\\u0026#39; Purpurblau\", \"unitPrice\" : \"\", \"compareAtPriceString\": \"\", \"priceString\": \"32,99 \u20ac\", \"compareAtPrice\": 0.0, \"price\": 32.99, \"sale\":false, \"percentage\":\"\", \"badge\": \"angebot\", \"url\": \"https://shop.plantura.garden/products/clematis-the-president-pupurblau\", \"available\": true, \"availabilityInfo\":\"\", \"campaignInfo\":\"pflanzen-draussen\",\"isSet\": false, \"priceLabel\": \"\", \"compareAtPriceLabel\": \"\",\"reviewsData\":{\"reviewCount\": 3, \"reviewAverageValue\": 5.0},\"image\": \"https://shop.plantura.garden/cdn/shop/files/clematis-the-president-kaufen_1476x.png?v=1692796509\",\"tags\": \"balcony,beefriendly,clematis,climbing plant,flowering shrubs,klematis,kletterpflanze,kletterpflanzen,live plants,outdoor,pflanzen,pot-discount,reiners,waldrebe\",\"bulletPoints\": [\"Gro\u00dfe, blauviolette Bl\u00fcten von Mai bis September\",\"Sehr beliebte Kletterpflanze \u2013 auch f\u00fcr Nordseiten\\n\",\"Bienen- \\u0026 insektenfreundlich sowie perfekt f\u00fcr Einsteiger\"],\"variants\" : [ {\"sku\": \"OP-CLTH-0457\",\"available\": true, \"compareAtPriceString\": \"\", \"priceString\": \"32,99 \u20ac\", \"compareAtPrice\": 0.0, \"price\": 32.99, \"sale\":false, \"percentage\":\"\", \"priceCurrency\" : \"EUR\", \"url\" : \"https://shop.plantura.garden/products/clematis-the-president-pupurblau?variant=44659356270858\",\"isSet\":false}], \"handle\" : \"clematis-the-president-pupurblau\"}, { \"name\": \"Ctenanthe burle-marxii\", \"unitPrice\" : \"\", \"compareAtPriceString\": \"\", \"priceString\": \"18,99 \u20ac\", \"compareAtPrice\": 0.0, \"price\": 18.99, \"sale\":false, \"percentage\":\"\", \"badge\": \"angebot\", \"url\": \"https://shop.plantura.garden/products/ctenanthe-burle-marxii\", \"available\": true, \"availabilityInfo\":\"\", \"campaignInfo\":\"zimmerpflanzen\",\"isSet\": false, \"priceLabel\": \"\", \"compareAtPriceLabel\": \"\",\"reviewsData\":{\"reviewCount\": 0, \"reviewAverageValue\": 0.0},\"image\": \"https://shop.plantura.garden/cdn/shop/files/plantura-ctenanthe-burle-marxii-kaufen_1476x.png?v=1693465571\",\"tags\": \"eflora,gr\u00fcnpflanzen,indoor,katzenfreundlich,korbmarante burle marxii,limited-quantity,live plants,pflanzen,pot-discount,special leaf\",\"bulletPoints\": [\"Toller Blattschmuck: Gr\u00fcn gemustert mit violetten Unterseiten\",\"Bl\u00e4tter \u00f6ffnen sich morgens \\u0026 schlie\u00dfen sich nachts\",\"Haustierfreundlich, luftreinigend \\u0026 f\u00fcr jeden Raum geeignet\"],\"variants\" : [ {\"sku\": \"IP-CTBU-0068\",\"available\": true, \"compareAtPriceString\": \"\", \"priceString\": \"18,99 \u20ac\", \"compareAtPrice\": 0.0, \"price\": 18.99, \"sale\":false, \"percentage\":\"\", \"priceCurrency\" : \"EUR\", \"url\" : \"https://shop.plantura.garden/products/ctenanthe-burle-marxii?variant=44678631424266\",\"isSet\":false}, {\"sku\": \"IP-CTBU-0074\",\"available\": true, \"compareAtPriceString\": \"\", \"priceString\": \"24,99 \u20ac\", \"compareAtPrice\": 0.0, \"price\": 24.99, \"sale\":false, \"percentage\":\"\", \"priceCurrency\" : \"EUR\", \"url\" : \"https://shop.plantura.garden/products/ctenanthe-burle-marxii?variant=44678631457034\",\"isSet\":false}], \"handle\" : \"ctenanthe-burle-marxii\"}, { \"name\": \"Deutzie \\u0026#39;Tourbillon Rouge\\u0026#39; Dunkelrosa\", \"unitPrice\" : \"\", \"compareAtPriceString\": \"\", \"priceString\": \"22,99 \u20ac\", \"compareAtPrice\": 0.0, \"price\": 22.99, \"sale\":false, \"percentage\":\"\", \"badge\": \"angebot\", \"url\": \"https://shop.plantura.garden/products/deutzie-tourbillon-rouge-dunkelrosa\", \"available\": true, \"availabilityInfo\":\"\", \"campaignInfo\":\"pflanzen-draussen\",\"isSet\": false, \"priceLabel\": \"\", \"compareAtPriceLabel\": \"\",\"reviewsData\":{\"reviewCount\": 0, \"reviewAverageValue\": 0.0},\"image\": \"https://shop.plantura.garden/cdn/shop/files/deutzie-tourbillon-rouge-kaufen_1772x.png?v=1692796622\",\"tags\": \"beefriendly,deciduous shrubs,deutzia,deutzia magnifica,flowering shrubs,jeddeloh,live plants,maiblumenstrauch,outdoor,pflanzen,pot-discount\",\"bulletPoints\": [\"Bienenfreundlich: Duftende, dunkelrosa Bl\u00fctenpracht von Mai bis Juni\",\"Aufrechter Wuchs \u2013 ideal als Hecke oder Sichtschutz\",\"Pflegeleicht, robust \\u0026 winterhart\"],\"variants\" : [ {\"sku\": \"OP-DEMA-0235\",\"available\": true, \"compareAtPriceString\": \"\", \"priceString\": \"22,99 \u20ac\", \"compareAtPrice\": 0.0, \"price\": 22.99, \"sale\":false, \"percentage\":\"\", \"priceCurrency\" : \"EUR\", \"url\" : \"https://shop.plantura.garden/products/deutzie-tourbillon-rouge-dunkelrosa?variant=44327846379786\",\"isSet\":false}, {\"sku\": \"OP-DEMA-0363\",\"available\": true, \"compareAtPriceString\": \"\", \"priceString\": \"39,99 \u20ac\", \"compareAtPrice\": 0.0, \"price\": 39.99, \"sale\":false, \"percentage\":\"\", \"priceCurrency\" : \"EUR\", \"url\" : \"https://shop.plantura.garden/products/deutzie-tourbillon-rouge-dunkelrosa?variant=44327846412554\",\"isSet\":false}], \"handle\" : \"deutzie-tourbillon-rouge-dunkelrosa\"}, { \"name\": \"Drachenbaum \\u0026#39;Janet Lind\\u0026#39;\", \"unitPrice\" : \"\", \"compareAtPriceString\": \"\", \"priceString\": \"44,99 \u20ac\", \"compareAtPrice\": 0.0, \"price\": 44.99, \"sale\":false, \"percentage\":\"\", \"badge\": \"angebot\", \"url\": \"https://shop.plantura.garden/products/drachenbaum-janet-lind-dracaena-fragrans\", \"available\": true, \"availabilityInfo\":\"\", \"campaignInfo\":\"zimmerpflanzen\",\"isSet\": false, \"priceLabel\": \"\", \"compareAtPriceLabel\": \"\",\"reviewsData\":{\"reviewCount\": 1, \"reviewAverageValue\": 5.0},\"image\": \"https://shop.plantura.garden/cdn/shop/files/plantura-drachenbaum-janet-lind-kaufen_1476x.png?v=1693465598\",\"tags\": \"dracaena,dracaena janet lind,eflora,gr\u00fcnpflanzen,indoor,limited-quantity,live plants,luftreinigend,pflanzen,pflegeleicht,pot-discount\",\"bulletPoints\": [\"Robuste Zimmerpflanze mit langen, gr\u00fcnen Bl\u00e4ttern\",\"Pflegeleicht \\u0026 anspruchslos: Perfekte Einsteiger-Pflanze\",\"Luftreinigender Mitbewohner \u2013 f\u00fcr alle R\u00e4ume geeignet\"],\"variants\" : [ {\"sku\": \"IP-DRFR-0036\",\"available\": true, \"compareAtPriceString\": \"\", \"priceString\": \"44,99 \u20ac\", \"compareAtPrice\": 0.0, \"price\": 44.99, \"sale\":false, \"percentage\":\"\", \"priceCurrency\" : \"EUR\", \"url\" : \"https://shop.plantura.garden/products/drachenbaum-janet-lind-dracaena-fragrans?variant=44678631522570\",\"isSet\":false}], \"handle\" : \"drachenbaum-janet-lind-dracaena-fragrans\"}, { \"name\": \"Drachenbaum \\u0026#39;Janet Lind\\u0026#39; XXL-Gr\u00f6\u00dfe\", \"unitPrice\" : \"\", \"compareAtPriceString\": \"\", \"priceString\": \"149,99 \u20ac\", \"compareAtPrice\": 0.0, \"price\": 149.99, \"sale\":false, \"percentage\":\"\", \"badge\": \"new\", \"url\": \"https://shop.plantura.garden/products/drachenbaum-janet-lind-dracaena-fragrans-xxl-groesse\", \"available\": true, \"availabilityInfo\":\"\", \"campaignInfo\":\"zimmerpflanzen\",\"isSet\": false, \"priceLabel\": \"\", \"compareAtPriceLabel\": \"\",\"reviewsData\":{\"reviewCount\": 1, \"reviewAverageValue\": 5.0},\"image\": \"https://shop.plantura.garden/cdn/shop/files/plantura-drachenbaum-janet-lind-xxl-groesse-kaufen_1476x.png?v=1693465622\",\"tags\": \"dracaena,dracaena janet lind,eflora,gro\u00dfe zimmerpflanze,gr\u00fcnpflanzen,indoor,live plants,luftreinigend,new,pflanzen,pflegeleicht,pot-discount,xxl zimmerpflanze\",\"bulletPoints\": [\"Verzweigter Drachenbaum im eindrucksvollen XXL-Format\",\"Pflegeleicht: Perfekt f\u00fcr Einsteiger, die das Besondere sch\u00e4tzen\",\"Luftreinigender Mitbewohner \u2013 f\u00fcr alle R\u00e4ume geeignet\"],\"variants\" : [ {\"sku\": \"IP-DRFR-0076\",\"available\": true, \"compareAtPriceString\": \"\", \"priceString\": \"149,99 \u20ac\", \"compareAtPrice\": 0.0, \"price\": 149.99, \"sale\":false, \"percentage\":\"\", \"priceCurrency\" : \"EUR\", \"url\" : \"https://shop.plantura.garden/products/drachenbaum-janet-lind-dracaena-fragrans-xxl-groesse?variant=44678631588106\",\"isSet\":false}], \"handle\" : \"drachenbaum-janet-lind-dracaena-fragrans-xxl-groesse\"}, { \"name\": \"Duftjasmin \\u0026#39;Lemoinei\\u0026#39; Schneewei\u00df\", \"unitPrice\" : \"\", \"compareAtPriceString\": \"\", \"priceString\": \"24,99 \u20ac\", \"compareAtPrice\": 0.0, \"price\": 24.99, \"sale\":false, \"percentage\":\"\", \"badge\": \"new\", \"url\": \"https://shop.plantura.garden/products/duftjasmin-lemoinei-schneeweiss\", \"available\": true, \"availabilityInfo\":\"\", \"campaignInfo\":\"pflanzen-draussen\",\"isSet\": false, \"priceLabel\": \"\", \"compareAtPriceLabel\": \"\",\"reviewsData\":{\"reviewCount\": 1, \"reviewAverageValue\": 5.0},\"image\": \"https://shop.plantura.garden/cdn/shop/files/duftjasmin-lemoinei-kaufen_1476x.png?v=1692798252\",\"tags\": \"bauernjasmin,beefriendly,deciduous shrubs,flowering shrubs,gartenjasmin,jeddeloh,live plants,outdoor,pfeifenstrauch,pflanzen,philadelphus,pot-discount\",\"bulletPoints\": [\"Strahlend wei\u00dfe \\u0026 herrlich duftende Bl\u00fcten von Juni bis Juli\",\"Sehr gut winterhart, pflegeleicht \\u0026 auch f\u00fcr den Topf geeignet\",\"Bienenfreundlicher Zierstrauch \u2013 optimal als bl\u00fchende Hecke\"],\"variants\" : [ {\"sku\": \"OP-PHLE-0143\",\"available\": true, \"compareAtPriceString\": \"\", \"priceString\": \"24,99 \u20ac\", \"compareAtPrice\": 0.0, \"price\": 24.99, \"sale\":false, \"percentage\":\"\", \"priceCurrency\" : \"EUR\", \"url\" : \"https://shop.plantura.garden/products/duftjasmin-lemoinei-schneeweiss?variant=44327854047498\",\"isSet\":false}], \"handle\" : \"duftjasmin-lemoinei-schneeweiss\"}, { \"name\": \"Dunkelrote Blasenspiere \\u0026#39;Diabolo\\u0026#39;\u00ae\", \"unitPrice\" : \"\", \"compareAtPriceString\": \"\", \"priceString\": \"44,99 \u20ac\", \"compareAtPrice\": 0.0, \"price\": 44.99, \"sale\":false, \"percentage\":\"\", \"badge\": \"new\", \"url\": \"https://shop.plantura.garden/products/dunkelrote-blasenspiere-diabolo\", \"available\": true, \"availabilityInfo\":\"\", \"campaignInfo\":\"pflanzen-draussen\",\"isSet\": false, \"priceLabel\": \"\", \"compareAtPriceLabel\": \"\",\"reviewsData\":{\"reviewCount\": 1, \"reviewAverageValue\": 5.0},\"image\": \"https://shop.plantura.garden/cdn/shop/files/blasenspiere-diabolo-kaufen_1476x.png?v=1692798306\",\"tags\": \"beefriendly,deciduous shrubs,drought tolerant,fasanenspiere,flowering shrubs,foliage,jeddeloh,live plants,outdoor,pflanzen,physocarpus,physocarpus opulifolius,pot-discount,rote blasenspiere,spring bloomer,teufelsstrauch\",\"bulletPoints\": [\"Strahlend wei\u00dfe Bl\u00fcten von Mai bis Juni \u2013 bienenfreundlicher Zierstrauch\",\"Dunkles Laub mit violetter Herbstf\u00e4rbung \u2013 toller Kontrast zu gr\u00fcnen Nachbarpflanzen\",\"Anspruchslos, pflegeleicht \\u0026 winterhart: Ideal solit\u00e4r oder in Zierhecken\"],\"variants\" : [ {\"sku\": \"OP-PHOP-0149\",\"available\": false, \"compareAtPriceString\": \"\", \"priceString\": \"24,99 \u20ac\", \"compareAtPrice\": 0.0, \"price\": 24.99, \"sale\":false, \"percentage\":\"\", \"priceCurrency\" : \"EUR\", \"url\" : \"https://shop.plantura.garden/products/dunkelrote-blasenspiere-diabolo?variant=44327856374026\",\"isSet\":false}, {\"sku\": \"OP-PHOP-0148\",\"available\": true, \"compareAtPriceString\": \"\", \"priceString\": \"44,99 \u20ac\", \"compareAtPrice\": 0.0, \"price\": 44.99, \"sale\":false, \"percentage\":\"\", \"priceCurrency\" : \"EUR\", \"url\" : \"https://shop.plantura.garden/products/dunkelrote-blasenspiere-diabolo?variant=44327856406794\",\"isSet\":false}], \"handle\" : \"dunkelrote-blasenspiere-diabolo\"}, { \"name\": \"Echeveria \\u0026#39;Purple Pearl\\u0026#39;\", \"unitPrice\" : \"\", \"compareAtPriceString\": \"\", \"priceString\": \"15,99 \u20ac\", \"compareAtPrice\": 0.0, \"price\": 15.99, \"sale\":false, \"percentage\":\"\", \"badge\": \"new\", \"url\": \"https://shop.plantura.garden/products/echeveria-gibbiflora-purple-pearl\", \"available\": true, \"availabilityInfo\":\"\", \"campaignInfo\":\"zimmerpflanzen\",\"isSet\": false, \"priceLabel\": \"\", \"compareAtPriceLabel\": \"\",\"reviewsData\":{\"reviewCount\": 1, \"reviewAverageValue\": 5.0},\"image\": \"https://shop.plantura.garden/cdn/shop/files/plantura-echeveria-purple-pearl-kaufen_1476x.png?v=1693465645\",\"tags\": \"echeveria metallica,echeveria pearl,echeveria purple prince,eflora,gr\u00fcnpflanzen,indoor,kaktus,katzenfreundlich,limited-quantity,live plants,pflanzen,pflegeleicht,pot-discount,special leaf,succulents,sukkulente\",\"bulletPoints\": [\"Intensiv violette Bl\u00e4tter mit tollem Perlmuttglanz\",\"Pflegeleichte Sukkulente \u2013 auch f\u00fcr Einsteiger ideal\",\"Vielseitig einsetzbar: F\u00fcr alle R\u00e4ume geeignet\"],\"variants\" : [ {\"sku\": \"IP-ECGI-0069\",\"available\": true, \"compareAtPriceString\": \"\", \"priceString\": \"15,99 \u20ac\", \"compareAtPrice\": 0.0, \"price\": 15.99, \"sale\":false, \"percentage\":\"\", \"priceCurrency\" : \"EUR\", \"url\" : \"https://shop.plantura.garden/products/echeveria-gibbiflora-purple-pearl?variant=44678631686410\",\"isSet\":false}], \"handle\" : \"echeveria-gibbiflora-purple-pearl\"}, { \"name\": \"Echter Lorbeer \\u0026#39;Little Ragu\u00ae\\u0026#39;\", \"unitPrice\" : \"\", \"compareAtPriceString\": \"\", \"priceString\": \"26,99 \u20ac\", \"compareAtPrice\": 0.0, \"price\": 26.99, \"sale\":false, \"percentage\":\"\", \"badge\": \"new\", \"url\": \"https://shop.plantura.garden/products/echter-lorbeer-little-ragu\", \"available\": true, \"availabilityInfo\":\"\", \"campaignInfo\":\"pflanzen-draussen\",\"isSet\": false, \"priceLabel\": \"\", \"compareAtPriceLabel\": \"\",\"reviewsData\":{\"reviewCount\": 5, \"reviewAverageValue\": 5.0},\"image\": \"https://shop.plantura.garden/cdn/shop/files/echter-lorbeer-little-ragu_1230x.png?v=1692797191\",\"tags\": \"balcony,deciduous shrubs,edler lorbeer,gew\u00fcrzlorbeer,jeddeloh,laurel,laurus nobilis,live plants,lorbeer,outdoor,pflanzen,pot-discount\",\"bulletPoints\": [\"Pflegeleichter Gew\u00fcrzstrauch mit bienenfreundlichen Bl\u00fcten\",\"Kompakte Neuheit mit kleiner Wuchsform \u2013 hervorragend f\u00fcr Topf \\u0026 Beet\",\"Liebt vollsonnige Standorte auf n\u00e4hrstoffreichen B\u00f6den\"],\"variants\" : [ {\"sku\": \"OP-LANO-0040\",\"available\": true, \"compareAtPriceString\": \"\", \"priceString\": \"26,99 \u20ac\", \"compareAtPrice\": 0.0, \"price\": 26.99, \"sale\":false, \"percentage\":\"\", \"priceCurrency\" : \"EUR\", \"url\" : \"https://shop.plantura.garden/products/echter-lorbeer-little-ragu?variant=43655003799818\",\"isSet\":false}], \"handle\" : \"echter-lorbeer-little-ragu\"}, { \"name\": \"Edelflieder \\u0026#39;Madame Lemoine\\u0026#39; Reinwei\u00df\", \"unitPrice\" : \"\", \"compareAtPriceString\": \"\", \"priceString\": \"45,99 \u20ac\", \"compareAtPrice\": 0.0, \"price\": 45.99, \"sale\":false, \"percentage\":\"\", \"badge\": \"new\", \"url\": \"https://shop.plantura.garden/products/edelflieder-madame-lemoine-reinweiss\", \"available\": false, \"availabilityInfo\":\"\", \"campaignInfo\":\"pflanzen-draussen\",\"isSet\": false, \"priceLabel\": \"\", \"compareAtPriceLabel\": \"\",\"reviewsData\":{\"reviewCount\": 0, \"reviewAverageValue\": 0.0},\"image\": \"https://shop.plantura.garden/cdn/shop/files/edelflieder-madame-lemoine-kaufen_1378x.png?v=1692799363\",\"tags\": \"flieder,flieder lemoine,flowering shrubs,jeddeloh,lilac,live plants,mme lemoine,outdoor,pflanzen,pot-discount,spring bloomer,syringa,syringa vulgaris\",\"bulletPoints\": [\"Stark duftende, prachtvolle Bl\u00fctenrispen in strahlendem Wei\u00df\",\"Hitzevertr\u00e4glich, stadtklima- \\u0026 windfest \u2013 ideal f\u00fcr Dachterrassen\",\"Extrem frosthart, zuverl\u00e4ssig \\u0026 unkompliziert\"],\"variants\" : [ {\"sku\": \"OP-SYVU-0247\",\"available\": false, \"compareAtPriceString\": \"\", \"priceString\": \"45,99 \u20ac\", \"compareAtPrice\": 0.0, \"price\": 45.99, \"sale\":false, \"percentage\":\"\", \"priceCurrency\" : \"EUR\", \"url\" : \"https://shop.plantura.garden/products/edelflieder-madame-lemoine-reinweiss?variant=44327889469706\",\"isSet\":false}], \"handle\" : \"edelflieder-madame-lemoine-reinweiss\"}, { \"name\": \"Edelflieder \\u0026#39;Michel Buchner\\u0026#39; Purpurviolett\", \"unitPrice\" : \"\", \"compareAtPriceString\": \"\", \"priceString\": \"45,99 \u20ac\", \"compareAtPrice\": 0.0, \"price\": 45.99, \"sale\":false, \"percentage\":\"\", \"badge\": \"new\", \"url\": \"https://shop.plantura.garden/products/edelflieder-michel-buchner-purpurviolett\", \"available\": false, \"availabilityInfo\":\"\", \"campaignInfo\":\"pflanzen-draussen\",\"isSet\": false, \"priceLabel\": \"\", \"compareAtPriceLabel\": \"\",\"reviewsData\":{\"reviewCount\": 4, \"reviewAverageValue\": 4.8},\"image\": \"https://shop.plantura.garden/cdn/shop/files/edelflieder-michel-buchner-kaufen_1280x.png?v=1692799380\",\"tags\": \"beefriendly,flieder,flowering shrubs,jeddeloh,lilac,live plants,michel buchner flieder,outdoor,pflanzen,pot-discount,spring bloomer,syringa,syringa vulgaris\",\"bulletPoints\": [\"Duftende, gef\u00fcllte Bl\u00fctenrispen in Wei\u00df-Purpurviolett\",\"Echter Klassiker: Imposanter Strauch f\u00fcr alle Standorte\",\"Absolut frosthart, pflegeleicht \\u0026 windfest\"],\"variants\" : [ {\"sku\": \"OP-SYVU-0248\",\"available\": false, \"compareAtPriceString\": \"\", \"priceString\": \"45,99 \u20ac\", \"compareAtPrice\": 0.0, \"price\": 45.99, \"sale\":false, \"percentage\":\"\", \"priceCurrency\" : \"EUR\", \"url\" : \"https://shop.plantura.garden/products/edelflieder-michel-buchner-purpurviolett?variant=44327889961226\",\"isSet\":false}], \"handle\" : \"edelflieder-michel-buchner-purpurviolett\"}, { \"name\": \"Edelrose \\u0026#39;Nostalgie\\u0026#39;\u00ae Cremewei\u00df-Kirschrot\", \"unitPrice\" : \"\", \"compareAtPriceString\": \"\", \"priceString\": \"26,99 \u20ac\", \"compareAtPrice\": 0.0, \"price\": 26.99, \"sale\":false, \"percentage\":\"\", \"badge\": \"new\", \"url\": \"https://shop.plantura.garden/products/edelrose-nostalgie-cremeweiss-kirschrot\", \"available\": false, \"availabilityInfo\":\"\", \"campaignInfo\":\"pflanzen-draussen\",\"isSet\": false, \"priceLabel\": \"\", \"compareAtPriceLabel\": \"\",\"reviewsData\":{\"reviewCount\": 15, \"reviewAverageValue\": 4.9},\"image\": \"https://shop.plantura.garden/cdn/shop/files/edelrose-nostalgie-kaufen_1476x.png?v=1691766527\",\"tags\": \"balcony,beetrose,bodendeckerrose,drought tolerant,flowering shrubs,jeddeloh,live plants,muttertag,outdoor,pflanzen,pot-discount,rose,zwergrose\",\"bulletPoints\": [\"Traumhafte Farbkomposition aus Cremewei\u00df \\u0026 Kirschrot\",\"Buschig-kompakter Wuchs \u2013 auch ideal f\u00fcr Balkon \\u0026 Terrasse\",\"Robust, winterhart \\u0026 sehr gesund: Tolle Rose f\u00fcr Einsteiger\"],\"variants\" : [ {\"sku\": \"OP-RONO-0449\",\"available\": false, \"compareAtPriceString\": \"\", \"priceString\": \"26,99 \u20ac\", \"compareAtPrice\": 0.0, \"price\": 26.99, \"sale\":false, \"percentage\":\"\", \"priceCurrency\" : \"EUR\", \"url\" : \"https://shop.plantura.garden/products/edelrose-nostalgie-cremeweiss-kirschrot?variant=44523280072970\",\"isSet\":false}], \"handle\" : \"edelrose-nostalgie-cremeweiss-kirschrot\"}, { \"name\": \"Edelrose \\u0026#39;Sugar Candy Rose\u00ae\\u0026#39; Leuchtend Orange\", \"unitPrice\" : \"\", \"compareAtPriceString\": \"\", \"priceString\": \"24,99 \u20ac\", \"compareAtPrice\": 0.0, \"price\": 24.99, \"sale\":false, \"percentage\":\"\", \"badge\": \"new\", \"url\": \"https://shop.plantura.garden/products/edelrose-sugar-candy-rose-orange\", \"available\": false, \"availabilityInfo\":\"\", \"campaignInfo\":\"pflanzen-draussen\",\"isSet\": false, \"priceLabel\": \"\", \"compareAtPriceLabel\": \"\",\"reviewsData\":{\"reviewCount\": 14, \"reviewAverageValue\": 4.9},\"image\": \"https://shop.plantura.garden/cdn/shop/files/edelrose-sugar-candy-rose-kaufen_1378x.png?v=1691766584\",\"tags\": \"balcony,beefriendly,beetrose,drought tolerant,flowering shrubs,jeddeloh,live plants,outdoor,pflanzen,pot-discount,rose\",\"bulletPoints\": [\"Wundersch\u00f6nes Farbspiel mit leuchtend orangen bis lachsrosa Bl\u00fcten\",\"Sehr gesund \\u0026 pflegeleicht \u2013 auch ideal f\u00fcr Einsteiger geeignet\",\"Kompakter Wuchs: Perfekt f\u00fcr kleine G\u00e4rten, das Beet oder den Topf\"],\"variants\" : [ {\"sku\": \"OP-ROSU-0286\",\"available\": false, \"compareAtPriceString\": \"\", \"priceString\": \"24,99 \u20ac\", \"compareAtPrice\": 0.0, \"price\": 24.99, \"sale\":false, \"percentage\":\"\", \"priceCurrency\" : \"EUR\", \"url\" : \"https://shop.plantura.garden/products/edelrose-sugar-candy-rose-orange?variant=44373915959562\",\"isSet\":false}, {\"sku\": \"OP-ROSU-0285\",\"available\": false, \"compareAtPriceString\": \"\", \"priceString\": \"39,99 \u20ac\", \"compareAtPrice\": 0.0, \"price\": 39.99, \"sale\":false, \"percentage\":\"\", \"priceCurrency\" : \"EUR\", \"url\" : \"https://shop.plantura.garden/products/edelrose-sugar-candy-rose-orange?variant=44373915992330\",\"isSet\":false}, {\"sku\": \"OP-ROSU-0434\",\"available\": false, \"compareAtPriceString\": \"\", \"priceString\": \"79,99 \u20ac\", \"compareAtPrice\": 0.0, \"price\": 79.99, \"sale\":false, \"percentage\":\"\", \"priceCurrency\" : \"EUR\", \"url\" : \"https://shop.plantura.garden/products/edelrose-sugar-candy-rose-orange?variant=44498363777290\",\"isSet\":false}], \"handle\" : \"edelrose-sugar-candy-rose-orange\"}, { \"name\": \"Efeutute am Moosstab\", \"unitPrice\" : \"\", \"compareAtPriceString\": \"\", \"priceString\": \"32,99 \u20ac\", \"compareAtPrice\": 0.0, \"price\": 32.99, \"sale\":false, \"percentage\":\"\", \"badge\": \"new\", \"url\": \"https://shop.plantura.garden/products/efeutute-am-moosstab-epipremnum-pinnatum\", \"available\": true, \"availabilityInfo\":\"\", \"campaignInfo\":\"zimmerpflanzen\",\"isSet\": false, \"priceLabel\": \"\", \"compareAtPriceLabel\": \"\",\"reviewsData\":{\"reviewCount\": 8, \"reviewAverageValue\": 4.5},\"image\": \"https://shop.plantura.garden/cdn/shop/products/plantura-efeutute-am-moosstab-kaufen_1476x.png?v=1663155894\",\"tags\": \"efeu tute,eflora,h\u00e4ngend,indoor,live plants,luftreinigend,pflanzen,pflegeleicht,pot-discount,pothos,special leaf\",\"bulletPoints\": [\"Kletterpflanze mit gelb-gr\u00fcnen Herzbl\u00e4ttern an einem dekorativen Moosstab\",\"Pflegeleichte \\u0026 unkomplizierte Zimmerpflanze \u2013 auch ideal f\u00fcr Einsteiger\",\"F\u00fcr jeden hellen bis halbschattigen Raum geeignet\"],\"variants\" : [ {\"sku\": \"IP-EPPI-0018\",\"available\": true, \"compareAtPriceString\": \"\", \"priceString\": \"32,99 \u20ac\", \"compareAtPrice\": 0.0, \"price\": 32.99, \"sale\":false, \"percentage\":\"\", \"priceCurrency\" : \"EUR\", \"url\" : \"https://shop.plantura.garden/products/efeutute-am-moosstab-epipremnum-pinnatum?variant=43725401030922\",\"isSet\":false}], \"handle\" : \"efeutute-am-moosstab-epipremnum-pinnatum\"}, { \"name\": \"Einblatt \\u0026#39;Sweet Lauretta\\u0026#39;\", \"unitPrice\" : \"\", \"compareAtPriceString\": \"\", \"priceString\": \"32,99 \u20ac\", \"compareAtPrice\": 0.0, \"price\": 32.99, \"sale\":false, \"percentage\":\"\", \"badge\": \"new\", \"url\": \"https://shop.plantura.garden/products/einblatt-sweet-lauretta-spathiphyllum-wallisii\", \"available\": true, \"availabilityInfo\":\"\", \"campaignInfo\":\"zimmerpflanzen\",\"isSet\": false, \"priceLabel\": \"\", \"compareAtPriceLabel\": \"\",\"reviewsData\":{\"reviewCount\": 12, \"reviewAverageValue\": 4.7},\"image\": \"https://shop.plantura.garden/cdn/shop/products/plantura-einblatt-sweet-lauretta-kaufen_1476x.png?v=1663156331\",\"tags\": \"eflora,gr\u00fcnpflanzen,indoor,live plants,luftreinigend,pflanzen,pflegeleicht,pot-discount\",\"bulletPoints\": [\"Luftreinigende Pflanze mit tiefgr\u00fcnem Laub \\u0026 wei\u00dfen H\u00fcllbl\u00e4ttern\",\"Pflegeleichte Mitbewohnerin, die f\u00fcr Einsteiger geeignet ist\",\"W\u00e4chst sowohl an hellen Standorten als auch im Schatten\"],\"variants\" : [ {\"sku\": \"IP-SPWA-0022\",\"available\": true, \"compareAtPriceString\": \"\", \"priceString\": \"32,99 \u20ac\", \"compareAtPrice\": 0.0, \"price\": 32.99, \"sale\":false, \"percentage\":\"\", \"priceCurrency\" : \"EUR\", \"url\" : \"https://shop.plantura.garden/products/einblatt-sweet-lauretta-spathiphyllum-wallisii?variant=43725408862474\",\"isSet\":false}], \"handle\" : \"einblatt-sweet-lauretta-spathiphyllum-wallisii\"}, { \"name\": \"Einpflanzbarer Kalender 2024\", \"unitPrice\" : \"\", \"compareAtPriceString\": \"\", \"priceString\": \"24,99 \u20ac\", \"compareAtPrice\": 0.0, \"price\": 24.99, \"sale\":false, \"percentage\":\"\", \"badge\": \"bestseller\", \"url\": \"https://shop.plantura.garden/products/einpflanzbarer-kalender\", \"available\": true, \"availabilityInfo\":\"\", \"campaignInfo\":\"geschenke\",\"isSet\": false, \"priceLabel\": \"\", \"compareAtPriceLabel\": \"\",\"reviewsData\":{\"reviewCount\": 838, \"reviewAverageValue\": 4.7},\"image\": \"https://shop.plantura.garden/cdn/shop/files/einpflanzbarer-kalender-plantura_1476x.png?v=1695109589\", \"overlayImage\": \"https://shop.plantura.garden/cdn/shop/files/bio-siegel-overlay.png?v=1679900479\", \"overlayHidden\": false ,\"tags\": \"aussaat,aussaatkalender,bestseller,calendars,category_geschenkideen,einpflanzkalender,gartenjahr grundkurs,gartenkalender,geschenk,geschenkidee,green-week-22,greenweek-geschenkideen,Kalender,pflanzkalender,Saatgut,samen,wachsender kalender,wandkalender\",\"bulletPoints\": [\"Wundersch\u00f6ner Kalender zum Aufh\u00e4ngen\",\"Mit 12 Samenkarten zum Einpflanzen in Bio-Qualit\u00e4t\",\"Limitierte Auflage\"],\"variants\" : [ {\"sku\": \"2N-2SOH-OT4Z\",\"available\": true, \"compareAtPriceString\": \"\", \"priceString\": \"24,99 \u20ac\", \"compareAtPrice\": 0.0, \"price\": 24.99, \"sale\":false, \"percentage\":\"\", \"priceCurrency\" : \"EUR\", \"url\" : \"https://shop.plantura.garden/products/einpflanzbarer-kalender?variant=39670027518040\",\"isSet\":false}, {\"sku\": \"EK-PEBK-A502\",\"available\": true, \"compareAtPriceString\": \"\", \"priceString\": \"49,98 \u20ac\", \"compareAtPrice\": 0.0, \"price\": 49.98, \"sale\":false, \"percentage\":\"\", \"priceCurrency\" : \"EUR\", \"url\" : \"https://shop.plantura.garden/products/einpflanzbarer-kalender?variant=44726423945482\",\"isSet\":false}, {\"sku\": \"EK-PEBK-A503\",\"available\": true, \"compareAtPriceString\": \"\", \"priceString\": \"74,97 \u20ac\", \"compareAtPrice\": 0.0, \"price\": 74.97, \"sale\":false, \"percentage\":\"\", \"priceCurrency\" : \"EUR\", \"url\" : \"https://shop.plantura.garden/products/einpflanzbarer-kalender?variant=44726448292106\",\"isSet\":false}, {\"sku\": \"EK-PEBK-A504\",\"available\": true, \"compareAtPriceString\": \"\", \"priceString\": \"99,96 \u20ac\", \"compareAtPrice\": 0.0, \"price\": 99.96, \"sale\":false, \"percentage\":\"\", \"priceCurrency\" : \"EUR\", \"url\" : \"https://shop.plantura.garden/products/einpflanzbarer-kalender?variant=44726448324874\",\"isSet\":false}, {\"sku\": \"EK-PEBK-A505\",\"available\": true, \"compareAtPriceString\": \"\", \"priceString\": \"124,95 \u20ac\", \"compareAtPrice\": 0.0, \"price\": 124.95, \"sale\":false, \"percentage\":\"\", \"priceCurrency\" : \"EUR\", \"url\" : \"https://shop.plantura.garden/products/einpflanzbarer-kalender?variant=44726448357642\",\"isSet\":false}, {\"sku\": \"EK-PEBK-00A4\",\"available\": true, \"compareAtPriceString\": \"\", \"priceString\": \"34,99 \u20ac\", \"compareAtPrice\": 0.0, \"price\": 34.99, \"sale\":false, \"percentage\":\"\", \"priceCurrency\" : \"EUR\", \"url\" : \"https://shop.plantura.garden/products/einpflanzbarer-kalender?variant=39670027485272\",\"isSet\":false}, {\"sku\": \"EK-PEBK-A402\",\"available\": true, \"compareAtPriceString\": \"\", \"priceString\": \"69,98 \u20ac\", \"compareAtPrice\": 0.0, \"price\": 69.98, \"sale\":false, \"percentage\":\"\", \"priceCurrency\" : \"EUR\", \"url\" : \"https://shop.plantura.garden/products/einpflanzbarer-kalender?variant=44726423978250\",\"isSet\":false}, {\"sku\": \"EK-PEBK-A403\",\"available\": true, \"compareAtPriceString\": \"\", \"priceString\": \"104,97 \u20ac\", \"compareAtPrice\": 0.0, \"price\": 104.97, \"sale\":false, \"percentage\":\"\", \"priceCurrency\" : \"EUR\", \"url\" : \"https://shop.plantura.garden/products/einpflanzbarer-kalender?variant=44726448390410\",\"isSet\":false}, {\"sku\": \"EK-PEBK-A404\",\"available\": true, \"compareAtPriceString\": \"\", \"priceString\": \"139,96 \u20ac\", \"compareAtPrice\": 0.0, \"price\": 139.96, \"sale\":false, \"percentage\":\"\", \"priceCurrency\" : \"EUR\", \"url\" : \"https://shop.plantura.garden/products/einpflanzbarer-kalender?variant=44726448423178\",\"isSet\":false}, {\"sku\": \"EK-PEBK-A405\",\"available\": true, \"compareAtPriceString\": \"\", \"priceString\": \"174,95 \u20ac\", \"compareAtPrice\": 0.0, \"price\": 174.95, \"sale\":false, \"percentage\":\"\", \"priceCurrency\" : \"EUR\", \"url\" : \"https://shop.plantura.garden/products/einpflanzbarer-kalender?variant=44726448455946\",\"isSet\":false}], \"handle\" : \"einpflanzbarer-kalender\"}, { \"name\": \"Elefantenfu\u00df\", \"unitPrice\" : \"\", \"compareAtPriceString\": \"\", \"priceString\": \"36,99 \u20ac\", \"compareAtPrice\": 0.0, \"price\": 36.99, \"sale\":false, \"percentage\":\"\", \"badge\": \"bestseller\", \"url\": \"https://shop.plantura.garden/products/elefantenfuss-beaucarnea-recurvata\", \"available\": true, \"availabilityInfo\":\"\", \"campaignInfo\":\"zimmerpflanzen\",\"isSet\": false, \"priceLabel\": \"\", \"compareAtPriceLabel\": \"\",\"reviewsData\":{\"reviewCount\": 2, \"reviewAverageValue\": 5.0},\"image\": \"https://shop.plantura.garden/cdn/shop/files/plantura-elefantenfuss-kaufen_1476x.png?v=1693465413\",\"tags\": \"eflora,elefantenbaum,flaschenbaum,gr\u00fcnpflanzen,indoor,kaktus,limited-quantity,live plants,luftreinigend,pflanzen,pflegeleicht,pot-discount,succulents,sukkulente,wasserpalme\",\"bulletPoints\": [\"Luftreinigender Mitbewohner aus der mexikanischen W\u00fcste\",\"Extrem pflegeleicht \\u0026 perfekt f\u00fcr Einsteiger geeignet\",\"Kommt bis zu 1 Monat ohne Pflege \\u0026 Wasser zurecht\"],\"variants\" : [ {\"sku\": \"IP-BERE-0030\",\"available\": true, \"compareAtPriceString\": \"\", \"priceString\": \"36,99 \u20ac\", \"compareAtPrice\": 0.0, \"price\": 36.99, \"sale\":false, \"percentage\":\"\", \"priceCurrency\" : \"EUR\", \"url\" : \"https://shop.plantura.garden/products/elefantenfuss-beaucarnea-recurvata?variant=44678629130506\",\"isSet\":false}], \"handle\" : \"elefantenfuss-beaucarnea-recurvata\"}, { \"name\": \"Elefantenohr\", \"unitPrice\" : \"\", \"compareAtPriceString\": \"\", \"priceString\": \"36,99 \u20ac\", \"compareAtPrice\": 0.0, \"price\": 36.99, \"sale\":false, \"percentage\":\"\", \"badge\": \"bestseller\", \"url\": \"https://shop.plantura.garden/products/elefantenohr-alocasia-portadora\", \"available\": true, \"availabilityInfo\":\"\", \"campaignInfo\":\"zimmerpflanzen\",\"isSet\": false, \"priceLabel\": \"\", \"compareAtPriceLabel\": \"\",\"reviewsData\":{\"reviewCount\": 1, \"reviewAverageValue\": 5.0},\"image\": \"https://shop.plantura.garden/cdn/shop/files/plantura-elefantenohr-kaufen_1476x.png?v=1693465309\",\"tags\": \"alocasia,eflora,elefantenblatt,gr\u00fcnpflanzen,indoor,limited-quantity,live plants,pfeilblatt,pflanzen,pot-discount\",\"bulletPoints\": [\"Gro\u00dfe, herzf\u00f6rmige Bl\u00e4tter in frischem Gr\u00fcn\",\"Ideal f\u00fcr fortgeschrittene Pflanzenfreunde\",\"Tropische Sch\u00f6nheit f\u00fcr einen hellen \\u0026 warmen Standort\"],\"variants\" : [ {\"sku\": \"IP-ALPO-0037\",\"available\": true, \"compareAtPriceString\": \"\", \"priceString\": \"36,99 \u20ac\", \"compareAtPrice\": 0.0, \"price\": 36.99, \"sale\":false, \"percentage\":\"\", \"priceCurrency\" : \"EUR\", \"url\" : \"https://shop.plantura.garden/products/elefantenohr-alocasia-portadora?variant=44678624411914\",\"isSet\":false}], \"handle\" : \"elefantenohr-alocasia-portadora\"}, { \"name\": \"Encarsia-Schlupfwespen gegen Wei\u00dfe Fliegen\", \"unitPrice\" : \"\", \"compareAtPriceString\": \"\", \"priceString\": \"19,99 \u20ac\", \"compareAtPrice\": 0.0, \"price\": 19.99, \"sale\":false, \"percentage\":\"\", \"badge\": \"bestseller\", \"url\": \"https://shop.plantura.garden/products/encarsia-schlupfwespen\", \"available\": true, \"availabilityInfo\":\"Zum Schutz vor hohen Temperaturen erst nach der Hitzeperiode wieder verf\u00fcgbar\", \"campaignInfo\":\"nuetzlinge\",\"isSet\": false, \"priceLabel\": \"\", \"compareAtPriceLabel\": \"\",\"reviewsData\":{\"reviewCount\": 14, \"reviewAverageValue\": 4.0},\"image\": \"https://shop.plantura.garden/cdn/shop/files/encarsia-schlupfwespen-plantura_1476x.png?v=1691054778\",\"tags\": \"category_n\u00fctzlinge-&-pflanzenschutz,encarsia formosa,n\u00fctzling,schlupfwespen,wei\u00dfe fliegen,wespen\",\"bulletPoints\": [\"Nat\u00fcrlich \\u0026 zuverl\u00e4ssig gegen Wei\u00dfe Fliegen\",\"Chemiefreie Bek\u00e4mpfung: Schonend f\u00fcr Pflanzen \\u0026 Boden\",\"Hergestellt in Deutschland - mit ausf\u00fchrlicher Anleitung zur Anwendung\"],\"variants\" : [ {\"sku\": \"NT-ESWP-0500\",\"available\": true, \"compareAtPriceString\": \"\", \"priceString\": \"19,99 \u20ac\", \"compareAtPrice\": 0.0, \"price\": 19.99, \"sale\":false, \"percentage\":\"\", \"priceCurrency\" : \"EUR\", \"url\" : \"https://shop.plantura.garden/products/encarsia-schlupfwespen?variant=39559192903768\",\"isSet\":false}], \"handle\" : \"encarsia-schlupfwespen\"}, { \"name\": \"Erbsenpflanze\", \"unitPrice\" : \"\", \"compareAtPriceString\": \"\", \"priceString\": \"18,99 \u20ac\", \"compareAtPrice\": 0.0, \"price\": 18.99, \"sale\":false, \"percentage\":\"\", \"badge\": \"bestseller\", \"url\": \"https://shop.plantura.garden/products/erbsenpflanze-senecio-rowleyanus\", \"available\": true, \"availabilityInfo\":\"\", \"campaignInfo\":\"zimmerpflanzen\",\"isSet\": false, \"priceLabel\": \"\", \"compareAtPriceLabel\": \"\",\"reviewsData\":{\"reviewCount\": 2, \"reviewAverageValue\": 5.0},\"image\": \"https://shop.plantura.garden/cdn/shop/files/plantura-erbsenpflanze-kaufen_1476x.png?v=1693466261\",\"tags\": \"eflora,erbsen am band,h\u00e4ngend,indoor,kaktus,limited-quantity,live plants,perlenschnur,pflanzen,pflegeleicht,pot-discount,string of pearls,succulents,sukkulente\",\"bulletPoints\": [\"Einzigartige H\u00e4ngepflanze mit kugeligen Bl\u00e4ttern\",\"Pflegeleichte Sukkulente \u2013 leicht zu vermehren\",\"Perfekt f\u00fcr helle Pl\u00e4tzchen ohne direkte Sonne\"],\"variants\" : [ {\"sku\": \"IP-SERO-0061\",\"available\": true, \"compareAtPriceString\": \"\", \"priceString\": \"18,99 \u20ac\", \"compareAtPrice\": 0.0, \"price\": 18.99, \"sale\":false, \"percentage\":\"\", \"priceCurrency\" : \"EUR\", \"url\" : \"https://shop.plantura.garden/products/erbsenpflanze-senecio-rowleyanus?variant=44678639943946\",\"isSet\":false}, {\"sku\": \"IP-SERO-0051\",\"available\": true, \"compareAtPriceString\": \"\", \"priceString\": \"29,99 \u20ac\", \"compareAtPrice\": 0.0, \"price\": 29.99, \"sale\":false, \"percentage\":\"\", \"priceCurrency\" : \"EUR\", \"url\" : \"https://shop.plantura.garden/products/erbsenpflanze-senecio-rowleyanus?variant=44678639976714\",\"isSet\":false}], \"handle\" : \"erbsenpflanze-senecio-rowleyanus\"}, { \"name\": \"Eukalyptus \\u0026#39;Baby Blue\\u0026#39;\", \"unitPrice\" : \"\", \"compareAtPriceString\": \"\", \"priceString\": \"36,99 \u20ac\", \"compareAtPrice\": 0.0, \"price\": 36.99, \"sale\":false, \"percentage\":\"\", \"badge\": \"bestseller\", \"url\": \"https://shop.plantura.garden/products/eukalyptus-baby-blue\", \"available\": false, \"availabilityInfo\":\"Verf\u00fcgbar ab Fr\u00fchjahr 2024\", \"campaignInfo\":\"pflanzen-draussen\",\"isSet\": false, \"priceLabel\": \"\", \"compareAtPriceLabel\": \"\",\"reviewsData\":{\"reviewCount\": 1, \"reviewAverageValue\": 5.0},\"image\": \"https://shop.plantura.garden/cdn/shop/files/eukalyptus-baby-blue-kaufen_1476x.png?v=1692796654\",\"tags\": \"balcony,deciduous shrubs,eucalyptus,foliage,jeddeloh,live plants,outdoor,pflanzen,pot-discount\",\"bulletPoints\": [\"Wundersch\u00f6n herzf\u00f6rmige \\u0026 silbrig-gr\u00fcne Eukalyptusbl\u00e4tter\\n\",\"Herrlicher Eukalyptus-Duft beim Zerreiben der Bl\u00e4tter\\n\",\"Ideale K\u00fcbelpflanze f\u00fcr Balkon \\u0026 Terrasse oder Ihren Wintergarten\\n\"],\"variants\" : [ {\"sku\": \"OP-EUBB-0272\",\"available\": false, \"compareAtPriceString\": \"\", \"priceString\": \"36,99 \u20ac\", \"compareAtPrice\": 0.0, \"price\": 36.99, \"sale\":false, \"percentage\":\"\", \"priceCurrency\" : \"EUR\", \"url\" : \"https://shop.plantura.garden/products/eukalyptus-baby-blue?variant=44373884731658\",\"isSet\":false}], \"handle\" : \"eukalyptus-baby-blue\"}, { \"name\": \"Eukalyptus \\u0026#39;Silver Dollar\\u0026#39;\", \"unitPrice\" : \"\", \"compareAtPriceString\": \"\", \"priceString\": \"36,99 \u20ac\", \"compareAtPrice\": 0.0, \"price\": 36.99, \"sale\":false, \"percentage\":\"\", \"badge\": \"bestseller\", \"url\": \"https://shop.plantura.garden/products/eukalyptus-silver-dollar\", \"available\": false, \"availabilityInfo\":\"Verf\u00fcgbar ab Fr\u00fchjahr 2024\", \"campaignInfo\":\"pflanzen-draussen\",\"isSet\": false, \"priceLabel\": \"\", \"compareAtPriceLabel\": \"\",\"reviewsData\":{\"reviewCount\": 1, \"reviewAverageValue\": 5.0},\"image\": \"https://shop.plantura.garden/cdn/shop/files/eukalyptus-silver-dollar-kaufen_1476x.png?v=1692796669\",\"tags\": \"balcony,deciduous shrubs,eucalyptus,evergreen,foliage,jeddeloh,live plants,outdoor,pflanzen,pot-discount\",\"bulletPoints\": [\"Silbrig-gr\u00fcne, runde Bl\u00e4tter f\u00fcr einen einzigartigen Blickfang\",\"Herrlicher Eukalyptus-Duft, der Ihr Zuhause in eine Dschungel-Oase verwandelt\",\"Ideal f\u00fcr die Topfkultur auf Balkon, Terrasse oder im Wintergarten\"],\"variants\" : [ {\"sku\": \"OP-EUCI-0450\",\"available\": false, \"compareAtPriceString\": \"\", \"priceString\": \"36,99 \u20ac\", \"compareAtPrice\": 0.0, \"price\": 36.99, \"sale\":false, \"percentage\":\"\", \"priceCurrency\" : \"EUR\", \"url\" : \"https://shop.plantura.garden/products/eukalyptus-silver-dollar?variant=44523279941898\",\"isSet\":false}], \"handle\" : \"eukalyptus-silver-dollar\"}, { \"name\": \"F\u00e4cher-Ahorn \\u0026#39;Aoyagi\\u0026#39;\", \"unitPrice\" : \"\", \"compareAtPriceString\": \"\", \"priceString\": \"42,99 \u20ac\", \"compareAtPrice\": 0.0, \"price\": 42.99, \"sale\":false, \"percentage\":\"\", \"badge\": \"bestseller\", \"url\": \"https://shop.plantura.garden/products/faecher-ahorn-aoyagi\", \"available\": true, \"availabilityInfo\":\"\", \"campaignInfo\":\"pflanzen-draussen\",\"isSet\": false, \"priceLabel\": \"\", \"compareAtPriceLabel\": \"\",\"reviewsData\":{\"reviewCount\": 0, \"reviewAverageValue\": 0.0},\"image\": \"https://shop.plantura.garden/cdn/shop/files/faecher-ahorn-aoyai-kaufen_1329x.png?v=1692795762\",\"tags\": \"acer,acer palmatum,ahorn,asia,deciduous shrubs,foliage,f\u00e4cherahorn,jeddeloh,live plants,maple,outdoor,pflanzen,pot-discount\",\"bulletPoints\": [\"Frisch-hellgr\u00fcne Bl\u00e4tter mit leuchtend gelber Herbstf\u00e4rbung\",\"Eindrucksvolle, erbsengr\u00fcne Rinde\",\"Pflegeleichtes Ziergeh\u00f6lz \u2013 auch f\u00fcr Balkon \\u0026 Terrasse\"],\"variants\" : [ {\"sku\": \"OP-ACPA-0249\",\"available\": true, \"compareAtPriceString\": \"\", \"priceString\": \"42,99 \u20ac\", \"compareAtPrice\": 0.0, \"price\": 42.99, \"sale\":false, \"percentage\":\"\", \"priceCurrency\" : \"EUR\", \"url\" : \"https://shop.plantura.garden/products/faecher-ahorn-aoyagi?variant=44373840593162\",\"isSet\":false}], \"handle\" : \"faecher-ahorn-aoyagi\"}, { \"name\": \"F\u00e4cher-Ahorn \\u0026#39;Beni-maiko\\u0026#39;\", \"unitPrice\" : \"\", \"compareAtPriceString\": \"\", \"priceString\": \"36,99 \u20ac\", \"compareAtPrice\": 0.0, \"price\": 36.99, \"sale\":false, \"percentage\":\"\", \"badge\": \"bestseller\", \"url\": \"https://shop.plantura.garden/products/faecher-ahorn-beni-maiko\", \"available\": true, \"availabilityInfo\":\"\", \"campaignInfo\":\"pflanzen-draussen\",\"isSet\": false, \"priceLabel\": \"\", \"compareAtPriceLabel\": \"\",\"reviewsData\":{\"reviewCount\": 0, \"reviewAverageValue\": 0.0},\"image\": \"https://shop.plantura.garden/cdn/shop/files/faecher-ahorn-beni-maiko-kaufen_1329x.png?v=1692795807\",\"tags\": \"acer,acer palmatum,ahorn,asia,deciduous shrubs,foliage,f\u00e4cherahorn,jeddeloh,live plants,maple,outdoor,pflanzen,pot-discount\",\"bulletPoints\": [\"Spektakul\u00e4res Laub: Kr\u00e4ftig pink-rote Bl\u00e4tter im Fr\u00fchjahr \\u0026 rosarote Herbstf\u00e4rbung\",\"Malerischer, halbkugeliger Wuchs: Ideal f\u00fcr Beet \\u0026 K\u00fcbel\",\"Frosthart, schnittvertr\u00e4glich \\u0026 pflegeleicht \u2013 f\u00fcr Einsteiger geeignet\"],\"variants\" : [ {\"sku\": \"OP-ACPA-0253\",\"available\": true, \"compareAtPriceString\": \"\", \"priceString\": \"36,99 \u20ac\", \"compareAtPrice\": 0.0, \"price\": 36.99, \"sale\":false, \"percentage\":\"\", \"priceCurrency\" : \"EUR\", \"url\" : \"https://shop.plantura.garden/products/faecher-ahorn-beni-maiko?variant=44373844558090\",\"isSet\":false}, {\"sku\": \"OP-ACPA-0252\",\"available\": true, \"compareAtPriceString\": \"\", \"priceString\": \"79,99 \u20ac\", \"compareAtPrice\": 0.0, \"price\": 79.99, \"sale\":false, \"percentage\":\"\", \"priceCurrency\" : \"EUR\", \"url\" : \"https://shop.plantura.garden/products/faecher-ahorn-beni-maiko?variant=44373844590858\",\"isSet\":false}], \"handle\" : \"faecher-ahorn-beni-maiko\"}, { \"name\": \"Fensterblatt\", \"unitPrice\" : \"\", \"compareAtPriceString\": \"\", \"priceString\": \"32,99 \u20ac\", \"compareAtPrice\": 0.0, \"price\": 32.99, \"sale\":false, \"percentage\":\"\", \"badge\": \"bestseller\", \"url\": \"https://shop.plantura.garden/products/fensterblatt-monstera-deliciosa\", \"available\": true, \"availabilityInfo\":\"\", \"campaignInfo\":\"zimmerpflanzen\",\"isSet\": false, \"priceLabel\": \"\", \"compareAtPriceLabel\": \"\",\"reviewsData\":{\"reviewCount\": 12, \"reviewAverageValue\": 5.0},\"image\": \"https://shop.plantura.garden/cdn/shop/files/plantura-fensterblatt-kaufen_1476x.png?v=1693467122\",\"tags\": \"eflora,h\u00e4ngend,indoor,live plants,luftreinigend,monstera,pflanzen,pflegeleicht,pot-discount\",\"bulletPoints\": [\"Luftreinigender Klassiker mit gro\u00dfen, geschlitzten Bl\u00e4ttern\",\"Pflegeleichte \\u0026 unkomplizierte Mitbewohnerin \u2013 perfekt auch f\u00fcr Einsteiger\",\"Als H\u00e4nge- oder Kletterpflanze \u2013 steht gerne hell bis halbschattig\"],\"variants\" : [ {\"sku\": \"IP-MODE-0020\",\"available\": true, \"compareAtPriceString\": \"\", \"priceString\": \"32,99 \u20ac\", \"compareAtPrice\": 0.0, \"price\": 32.99, \"sale\":false, \"percentage\":\"\", \"priceCurrency\" : \"EUR\", \"url\" : \"https://shop.plantura.garden/products/fensterblatt-monstera-deliciosa?variant=43725402407178\",\"isSet\":false}], \"handle\" : \"fensterblatt-monstera-deliciosa\"}, { \"name\": \"Fensterblatt XXL-Gr\u00f6\u00dfe\", \"unitPrice\" : \"\", \"compareAtPriceString\": \"\", \"priceString\": \"99,99 \u20ac\", \"compareAtPrice\": 0.0, \"price\": 99.99, \"sale\":false, \"percentage\":\"\", \"badge\": \"new\", \"url\": \"https://shop.plantura.garden/products/fensterblatt-monstera-deliciosa-xxl-groesse\", \"available\": true, \"availabilityInfo\":\"\", \"campaignInfo\":\"zimmerpflanzen\",\"isSet\": false, \"priceLabel\": \"\", \"compareAtPriceLabel\": \"\",\"reviewsData\":{\"reviewCount\": 12, \"reviewAverageValue\": 5.0},\"image\": \"https://shop.plantura.garden/cdn/shop/files/plantura-fensterblatt-xxl-groesse-kaufen_1476x.png?v=1696241274\",\"tags\": \"eflora,gro\u00dfe zimmerpflanze,h\u00e4ngend,indoor,live plants,luftreinigend,monstera,new,pflanzen,pflegeleicht,pot-discount,xxl zimmerpflanze\",\"bulletPoints\": [\"XXL-Monstera: Bei Lieferung bereits bis zu 150 cm hoch\",\"Gro\u00dfe, geschlitzte Bl\u00e4tter: Ein tropischer Klassiker mit beeindruckender Optik\",\"Pflegeleicht \\u0026 gen\u00fcgsam \u2013 ideal f\u00fcr Pflanzen-Einsteiger\"],\"variants\" : [ {\"sku\": \"IP-MODE-0078\",\"available\": true, \"compareAtPriceString\": \"\", \"priceString\": \"99,99 \u20ac\", \"compareAtPrice\": 0.0, \"price\": 99.99, \"sale\":false, \"percentage\":\"\", \"priceCurrency\" : \"EUR\", \"url\" : \"https://shop.plantura.garden/products/fensterblatt-monstera-deliciosa-xxl-groesse?variant=44678635979018\",\"isSet\":false}], \"handle\" : \"fensterblatt-monstera-deliciosa-xxl-groesse\"}, { \"name\": \"Ficus \\u0026#39;Ginseng\\u0026#39; Bonsai\", \"unitPrice\" : \"\", \"compareAtPriceString\": \"\", \"priceString\": \"34,99 \u20ac\", \"compareAtPrice\": 0.0, \"price\": 34.99, \"sale\":false, \"percentage\":\"\", \"badge\": \"new\", \"url\": \"https://shop.plantura.garden/products/ficus-microcarpa-ginseng-bonsai\", \"available\": true, \"availabilityInfo\":\"\", \"campaignInfo\":\"zimmerpflanzen\",\"isSet\": false, \"priceLabel\": \"\", \"compareAtPriceLabel\": \"\",\"reviewsData\":{\"reviewCount\": 5, \"reviewAverageValue\": 5.0},\"image\": \"https://shop.plantura.garden/cdn/shop/files/plantura-ficus-ginseng-bonsai-kaufen_1476x.png?v=1693465820\",\"tags\": \"bonsai,bonsai chinesische feige,chinesische feige,chinesischer feigenbaum,eflora,ficus bonsai,ficus microcarpa ginseng,gr\u00fcnpflanzen,indoor,limited-quantity,live plants,lorbeerfeige,pflanzen,pflegeleicht,pot-discount\",\"bulletPoints\": [\"Kunstvoll geformter Bonsai mit dunkelgr\u00fcnen Bl\u00e4ttern\",\"Pflegeleichte Zimmerpflanze \u2013 perfekt f\u00fcr Einsteiger\",\"Fern\u00f6stliches Flair f\u00fcr sonnige bis halbschattige R\u00e4ume\"],\"variants\" : [ {\"sku\": \"IP-FIMI-0070\",\"available\": true, \"compareAtPriceString\": \"\", \"priceString\": \"34,99 \u20ac\", \"compareAtPrice\": 0.0, \"price\": 34.99, \"sale\":false, \"percentage\":\"\", \"priceCurrency\" : \"EUR\", \"url\" : \"https://shop.plantura.garden/products/ficus-microcarpa-ginseng-bonsai?variant=44678632767754\",\"isSet\":false}], \"handle\" : \"ficus-microcarpa-ginseng-bonsai\"}, { \"name\": \"Flieder \\u0026#39;Redwine\\u0026#39; Violett\", \"unitPrice\" : \"\", \"compareAtPriceString\": \"\", \"priceString\": \"45,99 \u20ac\", \"compareAtPrice\": 0.0, \"price\": 45.99, \"sale\":false, \"percentage\":\"\", \"badge\": \"new\", \"url\": \"https://shop.plantura.garden/products/flieder-redwine-dunkelrot\", \"available\": true, \"availabilityInfo\":\"\", \"campaignInfo\":\"pflanzen-draussen\",\"isSet\": false, \"priceLabel\": \"\", \"compareAtPriceLabel\": \"\",\"reviewsData\":{\"reviewCount\": 2, \"reviewAverageValue\": 3.0},\"image\": \"https://shop.plantura.garden/cdn/shop/files/flieder-redwine-kaufen_1427x.png?v=1692799348\",\"tags\": \"amerikanischer flieder,beefriendly,flowering shrubs,jeddeloh,lilac,live plants,outdoor,pflanzen,pot-discount,syringa\",\"bulletPoints\": [\"Strahlend violette, stark duftende Bl\u00fctenrispen\",\"Sp\u00e4te Bl\u00fctezeit: Bienen- \\u0026 insektenfreundlich\",\"Bevorzugt humose \\u0026 durchl\u00e4ssige B\u00f6den\"],\"variants\" : [ {\"sku\": \"OP-SYVI-0287\",\"available\": true, \"compareAtPriceString\": \"\", \"priceString\": \"45,99 \u20ac\", \"compareAtPrice\": 0.0, \"price\": 45.99, \"sale\":false, \"percentage\":\"\", \"priceCurrency\" : \"EUR\", \"url\" : \"https://shop.plantura.garden/products/flieder-redwine-dunkelrot?variant=44373917565194\",\"isSet\":false}], \"handle\" : \"flieder-redwine-dunkelrot\"}, { \"name\": \"Florfliegen gegen Blattl\u00e4use, Thripse \\u0026amp; Co.\", \"unitPrice\" : \"\", \"compareAtPriceString\": \"\", \"priceString\": \"22,99 \u20ac\", \"compareAtPrice\": 0.0, \"price\": 22.99, \"sale\":false, \"percentage\":\"\", \"badge\": \"new\", \"url\": \"https://shop.plantura.garden/products/florfliegen\", \"available\": true, \"availabilityInfo\":\"\", \"campaignInfo\":\"nuetzlinge\",\"isSet\": false, \"priceLabel\": \"\", \"compareAtPriceLabel\": \"\",\"reviewsData\":{\"reviewCount\": 79, \"reviewAverageValue\": 3.9},\"image\": \"https://shop.plantura.garden/cdn/shop/files/florfliegen-blattlausloewen-plantura_1476x.png?v=1691054575\",\"tags\": \"Blattl\u00e4use,category_n\u00fctzlinge-&-pflanzenschutz,cc florfliegen,chrysoperla,chrysoperla carnea,fight aphids,florfliegenlarven,n\u00fctzling,schmierl\u00e4use,spinnmilben,thripse\",\"bulletPoints\": [\"Nat\u00fcrlich \\u0026 zuverl\u00e4ssig gegen Blattl\u00e4use, Wolll\u00e4use, Thripse \\u0026 Co.\",\"Chemiefreie Bek\u00e4mpfung: Schonend f\u00fcr Pflanzen \\u0026 Boden\",\"Florfliegenlarven aus Deutschland - mit ausf\u00fchrlicher Anleitung zur Anwendung\"],\"variants\" : [ {\"sku\": \"NT-FFLW-0500\",\"available\": true, \"compareAtPriceString\": \"\", \"priceString\": \"22,99 \u20ac\", \"compareAtPrice\": 0.0, \"price\": 22.99, \"sale\":false, \"percentage\":\"\", \"priceCurrency\" : \"EUR\", \"url\" : \"https://shop.plantura.garden/products/florfliegen?variant=39559189004376\",\"isSet\":false}], \"handle\" : \"florfliegen\"}, { \"name\": \"Forellenbegonie\", \"unitPrice\" : \"\", \"compareAtPriceString\": \"\", \"priceString\": \"21,99 \u20ac\", \"compareAtPrice\": 0.0, \"price\": 21.99, \"sale\":false, \"percentage\":\"\", \"badge\": \"new\", \"url\": \"https://shop.plantura.garden/products/forellenbegonie-begonia-maculata\", \"available\": true, \"availabilityInfo\":\"\", \"campaignInfo\":\"zimmerpflanzen\",\"isSet\": false, \"priceLabel\": \"\", \"compareAtPriceLabel\": \"\",\"reviewsData\":{\"reviewCount\": 3, \"reviewAverageValue\": 3.3},\"image\": \"https://shop.plantura.garden/cdn/shop/files/plantura-forellenbegonie-kaufen_1476x.png?v=1693465386\",\"tags\": \"begonie,begonie maculata,eflora,gr\u00fcnpflanzen,indoor,limited-quantity,live plants,pflanzen,pflegeleicht,polka dot begonie,pot-discount,special leaf\",\"bulletPoints\": [\"Au\u00dfergew\u00f6hnlicher Blattschmuck: Silbrig-wei\u00df getupfte Bl\u00e4tter\",\"Unkompliziert \\u0026 pflegeleicht \u2013 perfekt f\u00fcr Einsteiger geeignet\",\"Liebt sonnige bis halbschattige Pl\u00e4tze mit hoher Luftfeuchte\"],\"variants\" : [ {\"sku\": \"IP-BEMA-0065\",\"available\": true, \"compareAtPriceString\": \"\", \"priceString\": \"21,99 \u20ac\", \"compareAtPrice\": 0.0, \"price\": 21.99, \"sale\":false, \"percentage\":\"\", \"priceCurrency\" : \"EUR\", \"url\" : \"https://shop.plantura.garden/products/forellenbegonie-begonia-maculata?variant=44678626803978\",\"isSet\":false}, {\"sku\": \"IP-BEMA-0031\",\"available\": true, \"compareAtPriceString\": \"\", \"priceString\": \"36,99 \u20ac\", \"compareAtPrice\": 0.0, \"price\": 36.99, \"sale\":false, \"percentage\":\"\", \"priceCurrency\" : \"EUR\", \"url\" : \"https://shop.plantura.garden/products/forellenbegonie-begonia-maculata?variant=44678626836746\",\"isSet\":false}], \"handle\" : \"forellenbegonie-begonia-maculata\"}, { \"name\": \"Forsythie \\u0026#39;Goldrausch\\u0026#39; Gelb\", \"unitPrice\" : \"\", \"compareAtPriceString\": \"\", \"priceString\": \"22,99 \u20ac\", \"compareAtPrice\": 0.0, \"price\": 22.99, \"sale\":false, \"percentage\":\"\", \"badge\": \"new\", \"url\": \"https://shop.plantura.garden/products/forsythie-goldrausch-gelb\", \"available\": true, \"availabilityInfo\":\"\", \"campaignInfo\":\"pflanzen-draussen\",\"isSet\": false, \"priceLabel\": \"\", \"compareAtPriceLabel\": \"\",\"reviewsData\":{\"reviewCount\": 0, \"reviewAverageValue\": 0.0},\"image\": \"https://shop.plantura.garden/cdn/shop/files/forsythie-goldrausch-kaufen_1476x.png?v=1692796736\",\"tags\": \"deciduous shrubs,flowering shrubs,forsythia,forsythia intermedia,goldflieder,goldgl\u00f6ckchen,jeddeloh,live plants,outdoor,pflanzen,pot-discount,spring bloomer\",\"bulletPoints\": [\"Pflegeleichter Fr\u00fchlingsbote mit auff\u00e4llig gro\u00dfen, gelben Bl\u00fcten ab M\u00e4rz\",\"Bl\u00fcht sowohl am einj\u00e4hrigen als auch am mehrj\u00e4hrigen Holz\",\"Dicht verzweigt \\u0026 aufrechter Wuchs: Ideal f\u00fcr Beet oder Topf\"],\"variants\" : [ {\"sku\": \"OP-FOIN-0137\",\"available\": true, \"compareAtPriceString\": \"\", \"priceString\": \"22,99 \u20ac\", \"compareAtPrice\": 0.0, \"price\": 22.99, \"sale\":false, \"percentage\":\"\", \"priceCurrency\" : \"EUR\", \"url\" : \"https://shop.plantura.garden/products/forsythie-goldrausch-gelb?variant=44327847362826\",\"isSet\":false}, {\"sku\": \"OP-FOIN-0136\",\"available\": true, \"compareAtPriceString\": \"\", \"priceString\": \"39,99 \u20ac\", \"compareAtPrice\": 0.0, \"price\": 39.99, \"sale\":false, \"percentage\":\"\", \"priceCurrency\" : \"EUR\", \"url\" : \"https://shop.plantura.garden/products/forsythie-goldrausch-gelb?variant=44327847395594\",\"isSet\":false}], \"handle\" : \"forsythie-goldrausch-gelb\"}, { \"name\": \"Forsythie \\u0026#39;Week End\\u0026#39;\u00ae Goldgelb\", \"unitPrice\" : \"\", \"compareAtPriceString\": \"\", \"priceString\": \"39,99 \u20ac\", \"compareAtPrice\": 0.0, \"price\": 39.99, \"sale\":false, \"percentage\":\"\", \"badge\": \"new\", \"url\": \"https://shop.plantura.garden/products/forsythie-week-end-goldgelb\", \"available\": true, \"availabilityInfo\":\"\", \"campaignInfo\":\"pflanzen-draussen\",\"isSet\": false, \"priceLabel\": \"\", \"compareAtPriceLabel\": \"\",\"reviewsData\":{\"reviewCount\": 3, \"reviewAverageValue\": 5.0},\"image\": \"https://shop.plantura.garden/cdn/shop/files/forsythie-week-end-kaufen_1476x.png?v=1692796753\",\"tags\": \"balcony,deciduous shrubs,flowering shrubs,forsythia,forsythia intermedia,goldflieder,goldgl\u00f6ckchen,jeddeloh,live plants,outdoor,pflanzen,pot-discount,spring bloomer\",\"bulletPoints\": [\"\u00dcppig bl\u00fchender Fr\u00fchlingsbote mit leuchtend goldgelben Bl\u00fcten\",\"Kompakter Wuchs bis 1,5 m: Auch Ideal f\u00fcr den Topf geeignet\",\"Anspruchslos, pflegeleicht \\u0026 frosthart \u2013 liebt vollsonnige Standorte\"],\"variants\" : [ {\"sku\": \"OP-FOIN-0139\",\"available\": false, \"compareAtPriceString\": \"\", \"priceString\": \"22,99 \u20ac\", \"compareAtPrice\": 0.0, \"price\": 22.99, \"sale\":false, \"percentage\":\"\", \"priceCurrency\" : \"EUR\", \"url\" : \"https://shop.plantura.garden/products/forsythie-week-end-goldgelb?variant=44327847919882\",\"isSet\":false}, {\"sku\": \"OP-FOIN-0138\",\"available\": true, \"compareAtPriceString\": \"\", \"priceString\": \"39,99 \u20ac\", \"compareAtPrice\": 0.0, \"price\": 39.99, \"sale\":false, \"percentage\":\"\", \"priceCurrency\" : \"EUR\", \"url\" : \"https://shop.plantura.garden/products/forsythie-week-end-goldgelb?variant=44327847952650\",\"isSet\":false}], \"handle\" : \"forsythie-week-end-goldgelb\"}, { \"name\": \"F\u00fcnffingerstrauch \\u0026#39;Bella Rosa\\u0026#39;\u00ae Pink\", \"unitPrice\" : \"\", \"compareAtPriceString\": \"\", \"priceString\": \"21,99 \u20ac\", \"compareAtPrice\": 0.0, \"price\": 21.99, \"sale\":false, \"percentage\":\"\", \"badge\": \"new\", \"url\": \"https://shop.plantura.garden/products/fuenffingerstrauch-bella-rosa-pink\", \"available\": false, \"availabilityInfo\":\"\", \"campaignInfo\":\"pflanzen-draussen\",\"isSet\": true, \"priceLabel\": \"Im Set\", \"compareAtPriceLabel\": \"Einzeln\",\"reviewsData\":{\"reviewCount\": 4, \"reviewAverageValue\": 5.0},\"image\": \"https://shop.plantura.garden/cdn/shop/files/fuenffingerstrauch-bella-rosa_1161x.png?v=1692798461\",\"tags\": \"beefriendly,drought tolerant,fingerstrauch,five finger shrub,flowering shrubs,jeddeloh,live plants,outdoor,pflanzen,pot-discount,potentilla,potentilla fruticosa\",\"bulletPoints\": [\"Wundersch\u00f6ne, pinke Bl\u00fctenpracht von Juni bis in den Oktober\",\"Sehr bienenfreundlich \u2013 auch f\u00fcr Balkon \\u0026 Terrasse geeignet\",\"Winterharter Heckenstrauch f\u00fcr sonnige bis halbschattige Standorte\"],\"variants\" : [ {\"sku\": \"OP-POFR-0052\",\"available\": false, \"compareAtPriceString\": \"\", \"priceString\": \"21,99 \u20ac\", \"compareAtPrice\": 0.0, \"price\": 21.99, \"sale\":false, \"percentage\":\"\", \"priceCurrency\" : \"EUR\", \"url\" : \"https://shop.plantura.garden/products/fuenffingerstrauch-bella-rosa-pink?variant=43655005470986\",\"isSet\":true }, {\"sku\": \"OP-POFR-0077\",\"available\": false, \"compareAtPriceString\": \"43,98 \u20ac\", \"priceString\": \"38,99 \u20ac\", \"compareAtPrice\": 43.98, \"price\": 38.99, \"sale\":true, \"percentage\":\"11%\", \"priceCurrency\" : \"EUR\", \"url\" : \"https://shop.plantura.garden/products/fuenffingerstrauch-bella-rosa-pink?variant=43655005503754\",\"isSet\":true }, {\"sku\": \"OP-POFR-0078\",\"available\": false, \"compareAtPriceString\": \"87,96 \u20ac\", \"priceString\": \"73,99 \u20ac\", \"compareAtPrice\": 87.96, \"price\": 73.99, \"sale\":true, \"percentage\":\"16%\", \"priceCurrency\" : \"EUR\", \"url\" : \"https://shop.plantura.garden/products/fuenffingerstrauch-bella-rosa-pink?variant=43655005536522\",\"isSet\":true }, {\"sku\": \"OP-POFR-0079\",\"available\": false, \"compareAtPriceString\": \"131,94 \u20ac\", \"priceString\": \"104,99 \u20ac\", \"compareAtPrice\": 131.94, \"price\": 104.99, \"sale\":true, \"percentage\":\"20%\", \"priceCurrency\" : \"EUR\", \"url\" : \"https://shop.plantura.garden/products/fuenffingerstrauch-bella-rosa-pink?variant=43655005569290\",\"isSet\":true }, {\"sku\": \"OP-POFR-0080\",\"available\": false, \"compareAtPriceString\": \"219,90 \u20ac\", \"priceString\": \"163,99 \u20ac\", \"compareAtPrice\": 219.9, \"price\": 163.99, \"sale\":true, \"percentage\":\"25%\", \"priceCurrency\" : \"EUR\", \"url\" : \"https://shop.plantura.garden/products/fuenffingerstrauch-bella-rosa-pink?variant=43655005602058\",\"isSet\":true }], \"handle\" : \"fuenffingerstrauch-bella-rosa-pink\"}, { \"name\": \"F\u00fcnffingerstrauch \\u0026#39;Bella Sol\\u0026#39;\u00ae Gelb-orange\", \"unitPrice\" : \"\", \"compareAtPriceString\": \"\", \"priceString\": \"21,99 \u20ac\", \"compareAtPrice\": 0.0, \"price\": 21.99, \"sale\":false, \"percentage\":\"\", \"badge\": \"new\", \"url\": \"https://shop.plantura.garden/products/fuenffingerstrauch-bella-sol-gelb-orange\", \"available\": false, \"availabilityInfo\":\"\", \"campaignInfo\":\"pflanzen-draussen\",\"isSet\": true, \"priceLabel\": \"Im Set\", \"compareAtPriceLabel\": \"Einzeln\",\"reviewsData\":{\"reviewCount\": 3, \"reviewAverageValue\": 4.0},\"image\": \"https://shop.plantura.garden/cdn/shop/files/fuenffingerstrauch-bella-sol_1181x.png?v=1692798401\",\"tags\": \"beefriendly,drought tolerant,fingerstrauch,five finger shrub,flowering shrubs,jeddeloh,live plants,outdoor,pflanzen,pot-discount,potentilla,potentilla fruticosa\",\"bulletPoints\": [\"Bienenfreundliche, gelb-orange Bl\u00fctenpracht mit extra langer Bl\u00fctezeit\",\"W\u00e4chst buschig \\u0026 kompakt \u2013 perfekt f\u00fcr Garten, Balkon oder Terrasse\",\"Unkompliziertes Rosengew\u00e4chs f\u00fcr sonnige bis halbschattige Standorte\"],\"variants\" : [ {\"sku\": \"OP-POFR-0049\",\"available\": false, \"compareAtPriceString\": \"\", \"priceString\": \"21,99 \u20ac\", \"compareAtPrice\": 0.0, \"price\": 21.99, \"sale\":false, \"percentage\":\"\", \"priceCurrency\" : \"EUR\", \"url\" : \"https://shop.plantura.garden/products/fuenffingerstrauch-bella-sol-gelb-orange?variant=43655004717322\",\"isSet\":true }, {\"sku\": \"OP-POFR-0065\",\"available\": false, \"compareAtPriceString\": \"43,98 \u20ac\", \"priceString\": \"38,99 \u20ac\", \"compareAtPrice\": 43.98, \"price\": 38.99, \"sale\":true, \"percentage\":\"11%\", \"priceCurrency\" : \"EUR\", \"url\" : \"https://shop.plantura.garden/products/fuenffingerstrauch-bella-sol-gelb-orange?variant=43655004750090\",\"isSet\":true }, {\"sku\": \"OP-POFR-0066\",\"available\": false, \"compareAtPriceString\": \"87,96 \u20ac\", \"priceString\": \"73,99 \u20ac\", \"compareAtPrice\": 87.96, \"price\": 73.99, \"sale\":true, \"percentage\":\"16%\", \"priceCurrency\" : \"EUR\", \"url\" : \"https://shop.plantura.garden/products/fuenffingerstrauch-bella-sol-gelb-orange?variant=43655004782858\",\"isSet\":true }, {\"sku\": \"OP-POFR-0067\",\"available\": false, \"compareAtPriceString\": \"131,94 \u20ac\", \"priceString\": \"104,99 \u20ac\", \"compareAtPrice\": 131.94, \"price\": 104.99, \"sale\":true, \"percentage\":\"20%\", \"priceCurrency\" : \"EUR\", \"url\" : \"https://shop.plantura.garden/products/fuenffingerstrauch-bella-sol-gelb-orange?variant=43655004815626\",\"isSet\":true }, {\"sku\": \"OP-POFR-0068\",\"available\": false, \"compareAtPriceString\": \"219,90 \u20ac\", \"priceString\": \"163,99 \u20ac\", \"compareAtPrice\": 219.9, \"price\": 163.99, \"sale\":true, \"percentage\":\"25%\", \"priceCurrency\" : \"EUR\", \"url\" : \"https://shop.plantura.garden/products/fuenffingerstrauch-bella-sol-gelb-orange?variant=43655004848394\",\"isSet\":true }], \"handle\" : \"fuenffingerstrauch-bella-sol-gelb-orange\"}, { \"name\": \"F\u00fcnffingerstrauch \\u0026#39;Bellissima\\u0026#39;\u00ae Dunkelrosa\", \"unitPrice\" : \"\", \"compareAtPriceString\": \"\", \"priceString\": \"21,99 \u20ac\", \"compareAtPrice\": 0.0, \"price\": 21.99, \"sale\":false, \"percentage\":\"\", \"badge\": \"new\", \"url\": \"https://shop.plantura.garden/products/fuenffingerstrauch-bellissima-dunkelrosa\", \"available\": true, \"availabilityInfo\":\"\", \"campaignInfo\":\"pflanzen-draussen\",\"isSet\": true, \"priceLabel\": \"Im Set\", \"compareAtPriceLabel\": \"Einzeln\",\"reviewsData\":{\"reviewCount\": 2, \"reviewAverageValue\": 4.5},\"image\": \"https://shop.plantura.garden/cdn/shop/files/fuenffingerstrauch-bellissima_1230x.png?v=1692798421\",\"tags\": \"beefriendly,drought tolerant,fingerstrauch,five finger shrub,flowering shrubs,jeddeloh,live plants,outdoor,pflanzen,pot-discount,potentilla,potentilla fruticosa\",\"bulletPoints\": [\"Bienenfreundlicher Fingerstrauch mit vielen Einsatzm\u00f6glichkeiten\",\"Zahllose dunkelrosa Bl\u00fcten mit extra langer Bl\u00fctezeit von Juni bis Oktober\",\"Perfekt f\u00fcr Beet, Topf oder als Hecke \u2013 liebt sonnige bis halbschattige Standorte\"],\"variants\" : [ {\"sku\": \"OP-POFR-0050\",\"available\": true, \"compareAtPriceString\": \"\", \"priceString\": \"21,99 \u20ac\", \"compareAtPrice\": 0.0, \"price\": 21.99, \"sale\":false, \"percentage\":\"\", \"priceCurrency\" : \"EUR\", \"url\" : \"https://shop.plantura.garden/products/fuenffingerstrauch-bellissima-dunkelrosa?variant=43655004881162\",\"isSet\":true }, {\"sku\": \"OP-POFR-0069\",\"available\": true, \"compareAtPriceString\": \"43,98 \u20ac\", \"priceString\": \"38,99 \u20ac\", \"compareAtPrice\": 43.98, \"price\": 38.99, \"sale\":true, \"percentage\":\"11%\", \"priceCurrency\" : \"EUR\", \"url\" : \"https://shop.plantura.garden/products/fuenffingerstrauch-bellissima-dunkelrosa?variant=43655914782986\",\"isSet\":true }, {\"sku\": \"OP-POFR-0070\",\"available\": true, \"compareAtPriceString\": \"87,96 \u20ac\", \"priceString\": \"73,99 \u20ac\", \"compareAtPrice\": 87.96, \"price\": 73.99, \"sale\":true, \"percentage\":\"16%\", \"priceCurrency\" : \"EUR\", \"url\" : \"https://shop.plantura.garden/products/fuenffingerstrauch-bellissima-dunkelrosa?variant=43655914815754\",\"isSet\":true }, {\"sku\": \"OP-POFR-0071\",\"available\": true, \"compareAtPriceString\": \"131,94 \u20ac\", \"priceString\": \"104,99 \u20ac\", \"compareAtPrice\": 131.94, \"price\": 104.99, \"sale\":true, \"percentage\":\"20%\", \"priceCurrency\" : \"EUR\", \"url\" : \"https://shop.plantura.garden/products/fuenffingerstrauch-bellissima-dunkelrosa?variant=43655914848522\",\"isSet\":true }, {\"sku\": \"OP-POFR-0072\",\"available\": true, \"compareAtPriceString\": \"219,90 \u20ac\", \"priceString\": \"163,99 \u20ac\", \"compareAtPrice\": 219.9, \"price\": 163.99, \"sale\":true, \"percentage\":\"25%\", \"priceCurrency\" : \"EUR\", \"url\" : \"https://shop.plantura.garden/products/fuenffingerstrauch-bellissima-dunkelrosa?variant=43655914881290\",\"isSet\":true }], \"handle\" : \"fuenffingerstrauch-bellissima-dunkelrosa\"}, { \"name\": \"F\u00fcnffingerstrauch \\u0026#39;Creme Brulee\\u0026#39;\u00ae Wei\u00df\", \"unitPrice\" : \"\", \"compareAtPriceString\": \"\", \"priceString\": \"21,99 \u20ac\", \"compareAtPrice\": 0.0, \"price\": 21.99, \"sale\":false, \"percentage\":\"\", \"badge\": \"new\", \"url\": \"https://shop.plantura.garden/products/fuenffingerstrauch-creme-brulee-weiss\", \"available\": true, \"availabilityInfo\":\"\", \"campaignInfo\":\"pflanzen-draussen\",\"isSet\": true, \"priceLabel\": \"Im Set\", \"compareAtPriceLabel\": \"Einzeln\",\"reviewsData\":{\"reviewCount\": 2, \"reviewAverageValue\": 3.5},\"image\": \"https://shop.plantura.garden/cdn/shop/files/fuenffingerstrauch-creme-brulee_1230x.png?v=1692798381\",\"tags\": \"beefriendly,drought tolerant,fingerstrauch,five finger shrub,flowering shrubs,jeddeloh,live plants,outdoor,pflanzen,pot-discount,potentilla,potentilla fruticosa\",\"bulletPoints\": [\"Unkomplizierter Insektenmagnet mit langer Bl\u00fctezeit von Juni bis Oktober\",\"Buschig-kompakter Wuchs: Ideal f\u00fcr niedrige Hecken oder den K\u00fcbel\",\"Winterhart \\u0026 pflegeleicht \u2013 liebt sonnige bis halbschattige Standorte\"],\"variants\" : [ {\"sku\": \"OP-POFR-0048\",\"available\": true, \"compareAtPriceString\": \"\", \"priceString\": \"21,99 \u20ac\", \"compareAtPrice\": 0.0, \"price\": 21.99, \"sale\":false, \"percentage\":\"\", \"priceCurrency\" : \"EUR\", \"url\" : \"https://shop.plantura.garden/products/fuenffingerstrauch-creme-brulee-weiss?variant=43655004487946\",\"isSet\":true }, {\"sku\": \"OP-POFR-0061\",\"available\": true, \"compareAtPriceString\": \"43,98 \u20ac\", \"priceString\": \"38,99 \u20ac\", \"compareAtPrice\": 43.98, \"price\": 38.99, \"sale\":true, \"percentage\":\"11%\", \"priceCurrency\" : \"EUR\", \"url\" : \"https://shop.plantura.garden/products/fuenffingerstrauch-creme-brulee-weiss?variant=43655004520714\",\"isSet\":true }, {\"sku\": \"OP-POFR-0062\",\"available\": true, \"compareAtPriceString\": \"87,96 \u20ac\", \"priceString\": \"73,99 \u20ac\", \"compareAtPrice\": 87.96, \"price\": 73.99, \"sale\":true, \"percentage\":\"16%\", \"priceCurrency\" : \"EUR\", \"url\" : \"https://shop.plantura.garden/products/fuenffingerstrauch-creme-brulee-weiss?variant=43655004553482\",\"isSet\":true }, {\"sku\": \"OP-POFR-0063\",\"available\": true, \"compareAtPriceString\": \"131,94 \u20ac\", \"priceString\": \"104,99 \u20ac\", \"compareAtPrice\": 131.94, \"price\": 104.99, \"sale\":true, \"percentage\":\"20%\", \"priceCurrency\" : \"EUR\", \"url\" : \"https://shop.plantura.garden/products/fuenffingerstrauch-creme-brulee-weiss?variant=43655004586250\",\"isSet\":true }, {\"sku\": \"OP-POFR-0064\",\"available\": true, \"compareAtPriceString\": \"219,90 \u20ac\", \"priceString\": \"163,99 \u20ac\", \"compareAtPrice\": 219.9, \"price\": 163.99, \"sale\":true, \"percentage\":\"25%\", \"priceCurrency\" : \"EUR\", \"url\" : \"https://shop.plantura.garden/products/fuenffingerstrauch-creme-brulee-weiss?variant=43655004619018\",\"isSet\":true }], \"handle\" : \"fuenffingerstrauch-creme-brulee-weiss\"}, { \"name\": \"F\u00fcnffingerstrauch \\u0026#39;Dakota Sunspot\\u0026#39;\u00ae Goldgelb\", \"unitPrice\" : \"\", \"compareAtPriceString\": \"\", \"priceString\": \"21,99 \u20ac\", \"compareAtPrice\": 0.0, \"price\": 21.99, \"sale\":false, \"percentage\":\"\", \"badge\": \"new\", \"url\": \"https://shop.plantura.garden/products/fuenffingerstrauch-dakota-sunspot-goldgelb\", \"available\": false, \"availabilityInfo\":\"\", \"campaignInfo\":\"pflanzen-draussen\",\"isSet\": true, \"priceLabel\": \"Im Set\", \"compareAtPriceLabel\": \"Einzeln\",\"reviewsData\":{\"reviewCount\": 3, \"reviewAverageValue\": 5.0},\"image\": \"https://shop.plantura.garden/cdn/shop/files/fuenffingerstrauch-dakota-sunspot_1161x.png?v=1692798441\",\"tags\": \"beefriendly,drought tolerant,fingerstrauch,five finger shrub,flowering shrubs,jeddeloh,live plants,outdoor,pflanzen,pot-discount,potentilla,potentilla fruticosa\",\"bulletPoints\": [\"Goldgelbe Bl\u00fctensonnen mit langer Bl\u00fctezeit von Juni bis Oktober\",\"Winterharter \\u0026 schnittvertr\u00e4glicher Heckenstrauch - auch f\u00fcr Beet \\u0026 Topf\",\"Wertvoller Insektenmagnet f\u00fcr sonnige bis halbschattige Standorte\"],\"variants\" : [ {\"sku\": \"OP-POFR-0051\",\"available\": false, \"compareAtPriceString\": \"\", \"priceString\": \"21,99 \u20ac\", \"compareAtPrice\": 0.0, \"price\": 21.99, \"sale\":false, \"percentage\":\"\", \"priceCurrency\" : \"EUR\", \"url\" : \"https://shop.plantura.garden/products/fuenffingerstrauch-dakota-sunspot-goldgelb?variant=43655005143306\",\"isSet\":true }, {\"sku\": \"OP-POFR-0073\",\"available\": false, \"compareAtPriceString\": \"43,98 \u20ac\", \"priceString\": \"38,99 \u20ac\", \"compareAtPrice\": 43.98, \"price\": 38.99, \"sale\":true, \"percentage\":\"11%\", \"priceCurrency\" : \"EUR\", \"url\" : \"https://shop.plantura.garden/products/fuenffingerstrauch-dakota-sunspot-goldgelb?variant=43655005176074\",\"isSet\":true }, {\"sku\": \"OP-POFR-0074\",\"available\": false, \"compareAtPriceString\": \"87,96 \u20ac\", \"priceString\": \"73,99 \u20ac\", \"compareAtPrice\": 87.96, \"price\": 73.99, \"sale\":true, \"percentage\":\"16%\", \"priceCurrency\" : \"EUR\", \"url\" : \"https://shop.plantura.garden/products/fuenffingerstrauch-dakota-sunspot-goldgelb?variant=43655005208842\",\"isSet\":true }, {\"sku\": \"OP-POFR-0075\",\"available\": false, \"compareAtPriceString\": \"131,94 \u20ac\", \"priceString\": \"104,99 \u20ac\", \"compareAtPrice\": 131.94, \"price\": 104.99, \"sale\":true, \"percentage\":\"20%\", \"priceCurrency\" : \"EUR\", \"url\" : \"https://shop.plantura.garden/products/fuenffingerstrauch-dakota-sunspot-goldgelb?variant=43655005241610\",\"isSet\":true }, {\"sku\": \"OP-POFR-0076\",\"available\": false, \"compareAtPriceString\": \"219,90 \u20ac\", \"priceString\": \"163,99 \u20ac\", \"compareAtPrice\": 219.9, \"price\": 163.99, \"sale\":true, \"percentage\":\"25%\", \"priceCurrency\" : \"EUR\", \"url\" : \"https://shop.plantura.garden/products/fuenffingerstrauch-dakota-sunspot-goldgelb?variant=43655005274378\",\"isSet\":true }], \"handle\" : \"fuenffingerstrauch-dakota-sunspot-goldgelb\"}, { \"name\": \"F\u00fcnffingerstrauch \\u0026#39;Red Lady\\u0026#39;\u00ae Rot-orange\", \"unitPrice\" : \"\", \"compareAtPriceString\": \"\", \"priceString\": \"21,99 \u20ac\", \"compareAtPrice\": 0.0, \"price\": 21.99, \"sale\":false, \"percentage\":\"\", \"badge\": \"new\", \"url\": \"https://shop.plantura.garden/products/fuenffingerstrauch-red-lady-rot-orange\", \"available\": false, \"availabilityInfo\":\"\", \"campaignInfo\":\"pflanzen-draussen\",\"isSet\": true, \"priceLabel\": \"Im Set\", \"compareAtPriceLabel\": \"Einzeln\",\"reviewsData\":{\"reviewCount\": 2, \"reviewAverageValue\": 5.0},\"image\": \"https://shop.plantura.garden/cdn/shop/files/fuenffingerstrauch-red-lady_1230x.png?v=1692798481\",\"tags\": \"beefriendly,drought tolerant,fingerstrauch,five finger shrub,flowering shrubs,jeddeloh,live plants,outdoor,pflanzen,pot-discount,potentilla,potentilla fruticosa\",\"bulletPoints\": [\"Rot-orange Bl\u00fcten von Juni bis Oktober \u2013 wichtige Nahrungsquelle f\u00fcr Insekten\",\"Buschig-kompakte Wuchsform: Auch f\u00fcr Balkon \\u0026 Terrasse geeignet\",\"Steht gerne sonnig bis halbschattig auf lockerem Boden\"],\"variants\" : [ {\"sku\": \"OP-POFR-0053\",\"available\": false, \"compareAtPriceString\": \"\", \"priceString\": \"21,99 \u20ac\", \"compareAtPrice\": 0.0, \"price\": 21.99, \"sale\":false, \"percentage\":\"\", \"priceCurrency\" : \"EUR\", \"url\" : \"https://shop.plantura.garden/products/fuenffingerstrauch-red-lady-rot-orange?variant=43655005667594\",\"isSet\":true }, {\"sku\": \"OP-POFR-0081\",\"available\": false, \"compareAtPriceString\": \"43,98 \u20ac\", \"priceString\": \"38,99 \u20ac\", \"compareAtPrice\": 43.98, \"price\": 38.99, \"sale\":true, \"percentage\":\"11%\", \"priceCurrency\" : \"EUR\", \"url\" : \"https://shop.plantura.garden/products/fuenffingerstrauch-red-lady-rot-orange?variant=43655005700362\",\"isSet\":true }, {\"sku\": \"OP-POFR-0082\",\"available\": false, \"compareAtPriceString\": \"87,96 \u20ac\", \"priceString\": \"73,99 \u20ac\", \"compareAtPrice\": 87.96, \"price\": 73.99, \"sale\":true, \"percentage\":\"16%\", \"priceCurrency\" : \"EUR\", \"url\" : \"https://shop.plantura.garden/products/fuenffingerstrauch-red-lady-rot-orange?variant=43655005733130\",\"isSet\":true }, {\"sku\": \"OP-POFR-0083\",\"available\": false, \"compareAtPriceString\": \"131,94 \u20ac\", \"priceString\": \"104,99 \u20ac\", \"compareAtPrice\": 131.94, \"price\": 104.99, \"sale\":true, \"percentage\":\"20%\", \"priceCurrency\" : \"EUR\", \"url\" : \"https://shop.plantura.garden/products/fuenffingerstrauch-red-lady-rot-orange?variant=43655005765898\",\"isSet\":true }, {\"sku\": \"OP-POFR-0084\",\"available\": false, \"compareAtPriceString\": \"219,90 \u20ac\", \"priceString\": \"163,99 \u20ac\", \"compareAtPrice\": 219.9, \"price\": 163.99, \"sale\":true, \"percentage\":\"25%\", \"priceCurrency\" : \"EUR\", \"url\" : \"https://shop.plantura.garden/products/fuenffingerstrauch-red-lady-rot-orange?variant=43655005798666\",\"isSet\":true }], \"handle\" : \"fuenffingerstrauch-red-lady-rot-orange\"}, { \"name\": \"F\u00fcnffingerstrauch 4er Set\", \"unitPrice\" : \"\", \"compareAtPriceString\": \"87,96 \u20ac\", \"priceString\": \"73,99 \u20ac\", \"compareAtPrice\": 87.96, \"price\": 73.99, \"sale\":true, \"percentage\":\"16%\", \"badge\": \"angebot\", \"url\": \"https://shop.plantura.garden/products/fuenffingerstrauch-4er-set\", \"available\": false, \"availabilityInfo\":\"\", \"campaignInfo\":\"pflanzen-draussen\",\"isSet\": true, \"priceLabel\": \"Im Set\", \"compareAtPriceLabel\": \"Einzeln\",\"reviewsData\":{\"reviewCount\": 2, \"reviewAverageValue\": 3.5},\"image\": \"https://shop.plantura.garden/cdn/shop/files/fuenffingerstrauch-vierer-set_1476x.png?v=1691762496\",\"tags\": \"angebot,beefriendly,bundle,drought tolerant,fingerstrauch,five finger shrub,flowering shrubs,jeddeloh,live plants,outdoor,pflanzen,pot-discount,potentilla,potentilla fruticosa,set\",\"bulletPoints\": [\"Set mit 4 dekorativen F\u00fcnffingerstrauch-Sorten\",\"Bienenfreundliche Bl\u00fctenpracht mit extra langer Bl\u00fctezeit\",\"Perfekt als bl\u00fchende Hecke oder f\u00fcr Balkon \\u0026 Terrasse\"],\"variants\" : [ {\"sku\": \"OB-POFR-0001\",\"available\": false, \"compareAtPriceString\": \"87,96 \u20ac\", \"priceString\": \"73,99 \u20ac\", \"compareAtPrice\": 87.96, \"price\": 73.99, \"sale\":true, \"percentage\":\"16%\", \"priceCurrency\" : \"EUR\", \"url\" : \"https://shop.plantura.garden/products/fuenffingerstrauch-4er-set?variant=43655129923850\",\"isSet\":true }], \"handle\" : \"fuenffingerstrauch-4er-set\"}, { \"name\": \"Ganzjahresfutter aus besonderen S\u00e4mereien 5 kg\", \"unitPrice\" : \"Grundpreis: 5,40 \u20ac/kg\", \"compareAtPriceString\": \"\", \"priceString\": \"26,99 \u20ac\", \"compareAtPrice\": 0.0, \"price\": 26.99, \"sale\":false, \"percentage\":\"\", \"badge\": \"angebot\", \"url\": \"https://shop.plantura.garden/products/ganzjahresfutter-voegel-5-kg\", \"available\": true, \"availabilityInfo\":\"\", \"campaignInfo\":\"vogelfutter\",\"isSet\": false, \"priceLabel\": \"\", \"compareAtPriceLabel\": \"\",\"reviewsData\":{\"reviewCount\": 152, \"reviewAverageValue\": 4.8},\"image\": \"https://shop.plantura.garden/cdn/shop/files/plantura-ganzjahresvogelfutter_1476x.png?v=1691651745\",\"tags\": \"amsel,birdfood,buchfink,category_vogelfutter,feldsperling,futter,futterspender,ganzjahresvogelfutter,Ganzj\u00e4hrig,gartenvogel,gimpel,girlitz,gr\u00fcnfink,haussperling,heckenbraunelle,Im Sommer,Im Winter,sommerfutter,vogel,vogelfutter,vogelhaus,wildvogel,wildvogelfutter\",\"bulletPoints\": [\"Hochwertige \\u0026 energiereiche Mischung f\u00fcr eine gesunde \\u0026 aktive Wildvogelpopulation\",\"Ideal f\u00fcr die ganzj\u00e4hrige Wildvogelf\u00fctterung\",\"Ohne l\u00e4stige Schalen, Ambrosia kontrolliert \\u0026 plastikfrei verpackt\"],\"variants\" : [ {\"sku\": \"H4-VZPB-AMFW\",\"available\": true, \"compareAtPriceString\": \"\", \"priceString\": \"26,99 \u20ac\", \"compareAtPrice\": 0.0, \"price\": 26.99, \"sale\":false, \"percentage\":\"\", \"priceCurrency\" : \"EUR\", \"url\" : \"https://shop.plantura.garden/products/ganzjahresfutter-voegel-5-kg?variant=33479579467864\",\"isSet\":false}], \"handle\" : \"ganzjahresfutter-voegel-5-kg\"}, { \"name\": \"Gardenie \\u0026#39;Double Mint\u00ae\\u0026#39; Wei\u00df\", \"unitPrice\" : \"\", \"compareAtPriceString\": \"\", \"priceString\": \"29,99 \u20ac\", \"compareAtPrice\": 0.0, \"price\": 29.99, \"sale\":false, \"percentage\":\"\", \"badge\": \"angebot\", \"url\": \"https://shop.plantura.garden/products/gardenie-double-mint-weiss\", \"available\": true, \"availabilityInfo\":\"\", \"campaignInfo\":\"pflanzen-draussen\",\"isSet\": false, \"priceLabel\": \"\", \"compareAtPriceLabel\": \"\",\"reviewsData\":{\"reviewCount\": 9, \"reviewAverageValue\": 4.7},\"image\": \"https://shop.plantura.garden/cdn/shop/files/plantura-gardenie-double-mint_1230x.png?v=1691763809\",\"tags\": \"flowering shrubs,gardenia,gardenia jasminoides,gardenie,jeddeloh,live plants,outdoor,pflanzen,pot-discount\",\"bulletPoints\": [\"Herrlich duftende, wei\u00df gef\u00fcllte Bl\u00fcten von Juni bis Oktober\",\"Besondere Neuheit als Topfpflanze f\u00fcr Balkon \\u0026 Terrasse\",\"Liebt vollsonnige Standorte auf saurem Boden\"],\"variants\" : [ {\"sku\": \"OP-GAJA-0033\",\"available\": true, \"compareAtPriceString\": \"\", \"priceString\": \"29,99 \u20ac\", \"compareAtPrice\": 0.0, \"price\": 29.99, \"sale\":false, \"percentage\":\"\", \"priceCurrency\" : \"EUR\", \"url\" : \"https://shop.plantura.garden/products/gardenie-double-mint-weiss?variant=43655003242762\",\"isSet\":false}], \"handle\" : \"gardenie-double-mint-weiss\"}, { \"name\": \"Gartenbambus \\u0026#39;Asian Wonder\\u0026#39;\", \"unitPrice\" : \"\", \"compareAtPriceString\": \"\", \"priceString\": \"39,99 \u20ac\", \"compareAtPrice\": 0.0, \"price\": 39.99, \"sale\":false, \"percentage\":\"\", \"badge\": \"angebot\", \"url\": \"https://shop.plantura.garden/products/gartenbambus-asian-wonder\", \"available\": true, \"availabilityInfo\":\"\", \"campaignInfo\":\"pflanzen-draussen\",\"isSet\": false, \"priceLabel\": \"\", \"compareAtPriceLabel\": \"\",\"reviewsData\":{\"reviewCount\": 10, \"reviewAverageValue\": 4.9},\"image\": \"https://shop.plantura.garden/cdn/shop/files/plantura-gartenbambus-asian-wonder_1329x.png?v=1692796711\",\"tags\": \"asia,bamboo,bambus,fargesia,fargesia scabrida,jeddeloh,live plants,ornamental grasses,outdoor,pflanzen,pot-discount,sichtschutz\",\"bulletPoints\": [\"Immergr\u00fcner \\u0026 \u00e4u\u00dferst robuster Gartenbambus \u2013 ideal als Sichtschutz\",\"Faszinierendes Farbspiel aus rot-violettem Holz \\u0026 dunkelgr\u00fcnem Laub\",\"Frostfest, nicht-ausl\u00e4ufertreibend \\u0026 pflegeleicht f\u00fcr Garten, Balkon oder Terrasse\"],\"variants\" : [ {\"sku\": \"OP-FARG-0035\",\"available\": true, \"compareAtPriceString\": \"\", \"priceString\": \"39,99 \u20ac\", \"compareAtPrice\": 0.0, \"price\": 39.99, \"sale\":false, \"percentage\":\"\", \"priceCurrency\" : \"EUR\", \"url\" : \"https://shop.plantura.garden/products/gartenbambus-asian-wonder?variant=43655003144458\",\"isSet\":false}, {\"sku\": \"OP-FARG-0124\",\"available\": true, \"compareAtPriceString\": \"\", \"priceString\": \"64,99 \u20ac\", \"compareAtPrice\": 0.0, \"price\": 64.99, \"sale\":false, \"percentage\":\"\", \"priceCurrency\" : \"EUR\", \"url\" : \"https://shop.plantura.garden/products/gartenbambus-asian-wonder?variant=44327956283658\",\"isSet\":false}, {\"sku\": \"OP-FARG-0059\",\"available\": true, \"compareAtPriceString\": \"\", \"priceString\": \"99,99 \u20ac\", \"compareAtPrice\": 0.0, \"price\": 99.99, \"sale\":false, \"percentage\":\"\", \"priceCurrency\" : \"EUR\", \"url\" : \"https://shop.plantura.garden/products/gartenbambus-asian-wonder?variant=44327956316426\",\"isSet\":false}], \"handle\" : \"gartenbambus-asian-wonder\"}, { \"name\": \"Gartenbambus \\u0026#39;Jumbo\\u0026#39;\", \"unitPrice\" : \"\", \"compareAtPriceString\": \"\", \"priceString\": \"39,99 \u20ac\", \"compareAtPrice\": 0.0, \"price\": 39.99, \"sale\":false, \"percentage\":\"\", \"badge\": \"angebot\", \"url\": \"https://shop.plantura.garden/products/gartenbambus-jumbo\", \"available\": true, \"availabilityInfo\":\"\", \"campaignInfo\":\"pflanzen-draussen\",\"isSet\": false, \"priceLabel\": \"\", \"compareAtPriceLabel\": \"\",\"reviewsData\":{\"reviewCount\": 3, \"reviewAverageValue\": 5.0},\"image\": \"https://shop.plantura.garden/cdn/shop/files/plantura-gartenbambus-jumbo_1329x.png?v=1692796682\",\"tags\": \"asia,bamboo,bambus,fargesia,fargesia scabrida,jeddeloh,live plants,ornamental grasses,outdoor,pflanzen,pot-discount,sichtschutz\",\"bulletPoints\": [\"Bew\u00e4hrter Gartenbambus f\u00fcr das Beet oder Balkon \\u0026 Terrasse\",\"Immergr\u00fcnes, saftiges Laub \u2013 ideal als nat\u00fcrlicher Sichtschutz\",\"Pflegeleicht, \u00e4u\u00dferst winterhart \\u0026 nicht-ausl\u00e4uferbildend\"],\"variants\" : [ {\"sku\": \"OP-FAMU-0034\",\"available\": true, \"compareAtPriceString\": \"\", \"priceString\": \"39,99 \u20ac\", \"compareAtPrice\": 0.0, \"price\": 39.99, \"sale\":false, \"percentage\":\"\", \"priceCurrency\" : \"EUR\", \"url\" : \"https://shop.plantura.garden/products/gartenbambus-jumbo?variant=43655003046154\",\"isSet\":false}, {\"sku\": \"OP-FAMU-0122\",\"available\": true, \"compareAtPriceString\": \"\", \"priceString\": \"64,99 \u20ac\", \"compareAtPrice\": 0.0, \"price\": 64.99, \"sale\":false, \"percentage\":\"\", \"priceCurrency\" : \"EUR\", \"url\" : \"https://shop.plantura.garden/products/gartenbambus-jumbo?variant=44329055846666\",\"isSet\":false}, {\"sku\": \"OP-FAMU-0058\",\"available\": true, \"compareAtPriceString\": \"\", \"priceString\": \"99,99 \u20ac\", \"compareAtPrice\": 0.0, \"price\": 99.99, \"sale\":false, \"percentage\":\"\", \"priceCurrency\" : \"EUR\", \"url\" : \"https://shop.plantura.garden/products/gartenbambus-jumbo?variant=44329055879434\",\"isSet\":false}], \"handle\" : \"gartenbambus-jumbo\"}, { \"name\": \"Gartenjasmin \\u0026#39;Minnesota Snowflake\\u0026#39; Schneewei\u00df\", \"unitPrice\" : \"\", \"compareAtPriceString\": \"\", \"priceString\": \"22,99 \u20ac\", \"compareAtPrice\": 0.0, \"price\": 22.99, \"sale\":false, \"percentage\":\"\", \"badge\": \"angebot\", \"url\": \"https://shop.plantura.garden/products/gartenjasmin-minnesota-snowflake-schneeweiss\", \"available\": true, \"availabilityInfo\":\"\", \"campaignInfo\":\"pflanzen-draussen\",\"isSet\": false, \"priceLabel\": \"\", \"compareAtPriceLabel\": \"\",\"reviewsData\":{\"reviewCount\": 0, \"reviewAverageValue\": 0.0},\"image\": \"https://shop.plantura.garden/cdn/shop/files/gartenjasmin-minnesota-snowflake-kaufen_1476x.png?v=1692798269\",\"tags\": \"bauernjasmin,deciduous shrubs,duftjasmin,flowering shrubs,jeddeloh,live plants,outdoor,pfeifenstrauch,pflanzen,philadelphus,pot-discount\",\"bulletPoints\": [\"Wundersch\u00f6nes Ziergeh\u00f6lz mit gef\u00fcllten \\u0026 herrlich duftenden, wei\u00dfen Bl\u00fcten\",\"Liebt sonnige bis halbschattige Standorte \u2013 ideal f\u00fcr dekorative Bl\u00fchhecken\",\"Schnittvertr\u00e4glich, pflegeleicht \\u0026 anspruchslos\"],\"variants\" : [ {\"sku\": \"OP-PHMI-0145\",\"available\": true, \"compareAtPriceString\": \"\", \"priceString\": \"22,99 \u20ac\", \"compareAtPrice\": 0.0, \"price\": 22.99, \"sale\":false, \"percentage\":\"\", \"priceCurrency\" : \"EUR\", \"url\" : \"https://shop.plantura.garden/products/gartenjasmin-minnesota-snowflake-schneeweiss?variant=44327855128842\",\"isSet\":false}, {\"sku\": \"OP-PHMI-0144\",\"available\": true, \"compareAtPriceString\": \"\", \"priceString\": \"49,99 \u20ac\", \"compareAtPrice\": 0.0, \"price\": 49.99, \"sale\":false, \"percentage\":\"\", \"priceCurrency\" : \"EUR\", \"url\" : \"https://shop.plantura.garden/products/gartenjasmin-minnesota-snowflake-schneeweiss?variant=44327855161610\",\"isSet\":false}], \"handle\" : \"gartenjasmin-minnesota-snowflake-schneeweiss\"}, { \"name\": \"Gefleckte Efeutute \u2018Argyraeus\u2019\", \"unitPrice\" : \"\", \"compareAtPriceString\": \"\", \"priceString\": \"26,99 \u20ac\", \"compareAtPrice\": 0.0, \"price\": 26.99, \"sale\":false, \"percentage\":\"\", \"badge\": \"angebot\", \"url\": \"https://shop.plantura.garden/products/gefleckte-efeutute-argyraeus-scindapsus-pictus\", \"available\": true, \"availabilityInfo\":\"\", \"campaignInfo\":\"zimmerpflanzen\",\"isSet\": false, \"priceLabel\": \"\", \"compareAtPriceLabel\": \"\",\"reviewsData\":{\"reviewCount\": 13, \"reviewAverageValue\": 4.1},\"image\": \"https://shop.plantura.garden/cdn/shop/files/plantura-gefleckte-efeutute-argyraeus-kaufen_1476x.png?v=1693467175\",\"tags\": \"efeu tute,eflora,h\u00e4ngend,indoor,live plants,luftreinigend,pflanzen,pflegeleicht,pot-discount,pothos,special leaf\",\"bulletPoints\": [\"Tiefgr\u00fcne, herzf\u00f6rmige Bl\u00e4tter mit silbernen Verzierungen\",\"Pflegeleichte Sch\u00f6nheit ohne besondere Anspr\u00fcche: Perfekt f\u00fcr Einsteiger\",\"Als H\u00e4nge- oder Kletterpflanze \u2013 liebt helle \\u0026 schattige Standorte\"],\"variants\" : [ {\"sku\": \"IP-SCPI-0009\",\"available\": true, \"compareAtPriceString\": \"\", \"priceString\": \"26,99 \u20ac\", \"compareAtPrice\": 0.0, \"price\": 26.99, \"sale\":false, \"percentage\":\"\", \"priceCurrency\" : \"EUR\", \"url\" : \"https://shop.plantura.garden/products/gefleckte-efeutute-argyraeus-scindapsus-pictus?variant=43725408239882\",\"isSet\":false}, {\"sku\": \"IP-SCPI-0053\",\"available\": true, \"compareAtPriceString\": \"\", \"priceString\": \"39,99 \u20ac\", \"compareAtPrice\": 0.0, \"price\": 39.99, \"sale\":false, \"percentage\":\"\", \"priceCurrency\" : \"EUR\", \"url\" : \"https://shop.plantura.garden/products/gefleckte-efeutute-argyraeus-scindapsus-pictus?variant=44591260205322\",\"isSet\":false}], \"handle\" : \"gefleckte-efeutute-argyraeus-scindapsus-pictus\"}, { \"name\": \"Gef\u00fcllter Schneeball \\u0026#39;Roseum\\u0026#39; Wei\u00df\", \"unitPrice\" : \"\", \"compareAtPriceString\": \"\", \"priceString\": \"24,99 \u20ac\", \"compareAtPrice\": 0.0, \"price\": 24.99, \"sale\":false, \"percentage\":\"\", \"badge\": \"angebot\", \"url\": \"https://shop.plantura.garden/products/gefuellter-schneeball-roseum-weiss\", \"available\": true, \"availabilityInfo\":\"\", \"campaignInfo\":\"pflanzen-draussen\",\"isSet\": false, \"priceLabel\": \"\", \"compareAtPriceLabel\": \"\",\"reviewsData\":{\"reviewCount\": 0, \"reviewAverageValue\": 0.0},\"image\": \"https://shop.plantura.garden/cdn/shop/files/schneeball-roseum-kaufen_1476x.png?v=1692799415\",\"tags\": \"beefriendly,echter schneeball,flowering shrubs,gew\u00f6hnlicher schneeball,jeddeloh,live plants,outdoor,pflanzen,pot-discount,schneeball roseum,spring bloomer,viburnum,viburnum opulus\",\"bulletPoints\": [\"Bienenfreundlich: Pr\u00e4chtige, wei\u00dfe Bl\u00fctenb\u00e4lle im Mai \\u0026 Juni\",\"Leuchtend weinrote Herbstf\u00e4rbung des sonst gr\u00fcnen Laubes\",\"Aufrechter Gro\u00dfstrauch f\u00fcr sonnige bis halbschattige Standorte\"],\"variants\" : [ {\"sku\": \"OP-VIOP-0169\",\"available\": true, \"compareAtPriceString\": \"\", \"priceString\": \"24,99 \u20ac\", \"compareAtPrice\": 0.0, \"price\": 24.99, \"sale\":false, \"percentage\":\"\", \"priceCurrency\" : \"EUR\", \"url\" : \"https://shop.plantura.garden/products/gefuellter-schneeball-roseum-weiss?variant=44327890518282\",\"isSet\":false}, {\"sku\": \"OP-VIOP-0167\",\"available\": true, \"compareAtPriceString\": \"\", \"priceString\": \"39,99 \u20ac\", \"compareAtPrice\": 0.0, \"price\": 39.99, \"sale\":false, \"percentage\":\"\", \"priceCurrency\" : \"EUR\", \"url\" : \"https://shop.plantura.garden/products/gefuellter-schneeball-roseum-weiss?variant=44327890551050\",\"isSet\":false}, {\"sku\": \"OP-VIOP-0168\",\"available\": true, \"compareAtPriceString\": \"\", \"priceString\": \"69,99 \u20ac\", \"compareAtPrice\": 0.0, \"price\": 69.99, \"sale\":false, \"percentage\":\"\", \"priceCurrency\" : \"EUR\", \"url\" : \"https://shop.plantura.garden/products/gefuellter-schneeball-roseum-weiss?variant=44327890583818\",\"isSet\":false}], \"handle\" : \"gefuellter-schneeball-roseum-weiss\"}, { \"name\": \"Geigenfeige\", \"unitPrice\" : \"\", \"compareAtPriceString\": \"\", \"priceString\": \"36,99 \u20ac\", \"compareAtPrice\": 0.0, \"price\": 36.99, \"sale\":false, \"percentage\":\"\", \"badge\": \"angebot\", \"url\": \"https://shop.plantura.garden/products/geigenfeige-ficus-lyrata\", \"available\": true, \"availabilityInfo\":\"\", \"campaignInfo\":\"zimmerpflanzen\",\"isSet\": false, \"priceLabel\": \"\", \"compareAtPriceLabel\": \"\",\"reviewsData\":{\"reviewCount\": 16, \"reviewAverageValue\": 4.8},\"image\": \"https://shop.plantura.garden/cdn/shop/products/plantura-geigenfeige-kaufen_1476x.png?v=1663155932\",\"tags\": \"eflora,geigen feige,gr\u00fcnpflanzen,indoor,live plants,luftreinigend,pflanzen,pflegeleicht,pot-discount\",\"bulletPoints\": [\"Einzigartige, gewellte Bl\u00e4tter \u2013 ausdrucksstarker Hingucker in allen R\u00e4umen\",\"Pflegeleichte Mitbewohnerin, die auch kurzzeitig austrocknen darf\",\"Luftreinigende Zimmerpflanze f\u00fcr helle Standorte ohne direkte Sonne\"],\"variants\" : [ {\"sku\": \"IP-FILY-0019\",\"available\": true, \"compareAtPriceString\": \"\", \"priceString\": \"36,99 \u20ac\", \"compareAtPrice\": 0.0, \"price\": 36.99, \"sale\":false, \"percentage\":\"\", \"priceCurrency\" : \"EUR\", \"url\" : \"https://shop.plantura.garden/products/geigenfeige-ficus-lyrata?variant=43725401358602\",\"isSet\":false}], \"handle\" : \"geigenfeige-ficus-lyrata\"}, { \"name\": \"Geigenfeige XXL-Gr\u00f6\u00dfe\", \"unitPrice\" : \"\", \"compareAtPriceString\": \"\", \"priceString\": \"79,99 \u20ac\", \"compareAtPrice\": 0.0, \"price\": 79.99, \"sale\":false, \"percentage\":\"\", \"badge\": \"new\", \"url\": \"https://shop.plantura.garden/products/geigenfeige-ficus-lyrata-xxl-groesse\", \"available\": true, \"availabilityInfo\":\"\", \"campaignInfo\":\"zimmerpflanzen\",\"isSet\": false, \"priceLabel\": \"\", \"compareAtPriceLabel\": \"\",\"reviewsData\":{\"reviewCount\": 16, \"reviewAverageValue\": 4.8},\"image\": \"https://shop.plantura.garden/cdn/shop/files/plantura-geigenfeige-xxl-groesse-kaufen_1476x.png?v=1696241121\",\"tags\": \"eflora,geigen feige,gro\u00dfe zimmerpflanze,gr\u00fcnpflanzen,indoor,live plants,luftreinigend,new,pflanzen,pflegeleicht,pot-discount,xxl zimmerpflanze\",\"bulletPoints\": [\"Echte XXL-Zimmerpflanze: Lieferung mit bis zu 140 cm H\u00f6he\",\"Pflegeleichte Mitbewohnerin mit einzigartig gewellten Bl\u00e4ttern\",\"Luftreinigende Zimmerpflanze f\u00fcr alle hellen R\u00e4ume\"],\"variants\" : [ {\"sku\": \"IP-FILY-0080\",\"available\": true, \"compareAtPriceString\": \"\", \"priceString\": \"79,99 \u20ac\", \"compareAtPrice\": 0.0, \"price\": 79.99, \"sale\":false, \"percentage\":\"\", \"priceCurrency\" : \"EUR\", \"url\" : \"https://shop.plantura.garden/products/geigenfeige-ficus-lyrata-xxl-groesse?variant=44678632603914\",\"isSet\":false}], \"handle\" : \"geigenfeige-ficus-lyrata-xxl-groesse\"}, { \"name\": \"Gei\u00dfblatt \\u0026#39;Goldflame\\u0026#39; Orange-Rot\", \"unitPrice\" : \"\", \"compareAtPriceString\": \"\", \"priceString\": \"32,99 \u20ac\", \"compareAtPrice\": 0.0, \"price\": 32.99, \"sale\":false, \"percentage\":\"\", \"badge\": \"new\", \"url\": \"https://shop.plantura.garden/products/geissblatt-goldflame-orange-rot\", \"available\": true, \"availabilityInfo\":\"\", \"campaignInfo\":\"pflanzen-draussen\",\"isSet\": false, \"priceLabel\": \"\", \"compareAtPriceLabel\": \"\",\"reviewsData\":{\"reviewCount\": 3, \"reviewAverageValue\": 5.0},\"image\": \"https://shop.plantura.garden/cdn/shop/files/geissblatt-goldflame-kaufen_1476x.png?v=1692797256\",\"tags\": \"beefriendly,birdfriendly,climbing plant,flowering shrubs,geissblatt,geissschlinge,kletterpflanze,kletterpflanzen,live plants,lonicera,lonicera heckrottii,outdoor,pflanzen,pot-discount,reiners\",\"bulletPoints\": [\"Kletterpflanze mit wunderbar duftenden, orange-roten Bl\u00fcten\",\"Wertvolles Insekten- \\u0026 Vogeln\u00e4hrgeh\u00f6lz\\n\",\"Wundersch\u00f6ner Sichtschutz \u2013 auch f\u00fcr den Topf geeignet\"],\"variants\" : [ {\"sku\": \"OP-LOHE-0465\",\"available\": true, \"compareAtPriceString\": \"\", \"priceString\": \"32,99 \u20ac\", \"compareAtPrice\": 0.0, \"price\": 32.99, \"sale\":false, \"percentage\":\"\", \"priceCurrency\" : \"EUR\", \"url\" : \"https://shop.plantura.garden/products/geissblatt-goldflame-orange-rot?variant=44601857900810\",\"isSet\":false}], \"handle\" : \"geissblatt-goldflame-orange-rot\"}, { \"name\": \"Gelbtafeln 20 St\u00fcck\", \"unitPrice\" : \"\", \"compareAtPriceString\": \"\", \"priceString\": \"9,49 \u20ac\", \"compareAtPrice\": 0.0, \"price\": 9.49, \"sale\":false, \"percentage\":\"\", \"badge\": \"new\", \"url\": \"https://shop.plantura.garden/products/gelbtafeln\", \"available\": true, \"availabilityInfo\":\"\", \"campaignInfo\":\"pflanzenschutz\",\"isSet\": false, \"priceLabel\": \"\", \"compareAtPriceLabel\": \"\",\"reviewsData\":{\"reviewCount\": 342, \"reviewAverageValue\": 4.8},\"image\": \"https://shop.plantura.garden/cdn/shop/files/gelbtafeln-plantura_1476x.png?v=1691136112\",\"tags\": \"Blattl\u00e4use,blautafel,blautafeln,category_n\u00fctzlinge-&-pflanzenschutz,fight fungus gnats,fliegende blattl\u00e4use,gefl\u00fcgelte blattl\u00e4use,gelbfalle,gelbkarte,gelbpapier,gelbstecker,gelbsticker,gelbstreifen,grow houseplants,klebefalle,klebetafel,m\u00fccken,pest traps,schwarze fliegen,thripse,trauerfliege,trauermahlen,Trauerm\u00fccken,Wei\u00dfe Fliege,wei\u00dfe Fliegen\",\"bulletPoints\": [\"Zur fr\u00fchzeitigen Befallserkennung sowie zum Monitoring von Trauerm\u00fccken \\u0026 Co.\",\"20 beleimte Gelbtafeln (teilbar, daher bis zu 40 St\u00fcck) zum Stecken \\u0026 H\u00e4ngen\",\"Insektizidfrei \\u0026 geruchlos - hergestellt in Deutschland\"],\"variants\" : [ {\"sku\": \"GE-9E5R-8H63\",\"available\": true, \"compareAtPriceString\": \"\", \"priceString\": \"9,49 \u20ac\", \"compareAtPrice\": 0.0, \"price\": 9.49, \"sale\":false, \"percentage\":\"\", \"priceCurrency\" : \"EUR\", \"url\" : \"https://shop.plantura.garden/products/gelbtafeln?variant=39307664719960\",\"isSet\":false}], \"handle\" : \"gelbtafeln\"}, { \"name\": \"Geldbaum \\u0026#39;Hulk\\u0026#39;\", \"unitPrice\" : \"\", \"compareAtPriceString\": \"\", \"priceString\": \"21,99 \u20ac\", \"compareAtPrice\": 0.0, \"price\": 21.99, \"sale\":false, \"percentage\":\"\", \"badge\": \"new\", \"url\": \"https://shop.plantura.garden/products/geldbaum-hulk-crassula-ovata\", \"available\": true, \"availabilityInfo\":\"\", \"campaignInfo\":\"zimmerpflanzen\",\"isSet\": false, \"priceLabel\": \"\", \"compareAtPriceLabel\": \"\",\"reviewsData\":{\"reviewCount\": 0, \"reviewAverageValue\": 0.0},\"image\": \"https://shop.plantura.garden/cdn/shop/files/plantura-geldbaum-hulk-kaufen_1476x.png?v=1693465542\",\"tags\": \"crassula hulk,eflora,gr\u00fcnpflanzen,indoor,kaktus,limited-quantity,live plants,luftreinigend,pflanzen,pflegeleicht,pot-discount,succulents,sukkulente\",\"bulletPoints\": [\"Gen\u00fcgsame Sukkulente mit tiefgr\u00fcnen Bl\u00e4ttern\",\"Katzenfreundlich \\u0026 perfekt f\u00fcr Einsteiger\",\"Liebt helle R\u00e4ume ohne direkte Sonne\"],\"variants\" : [ {\"sku\": \"IP-CROV-0028\",\"available\": true, \"compareAtPriceString\": \"\", \"priceString\": \"21,99 \u20ac\", \"compareAtPrice\": 0.0, \"price\": 21.99, \"sale\":false, \"percentage\":\"\", \"priceCurrency\" : \"EUR\", \"url\" : \"https://shop.plantura.garden/products/geldbaum-hulk-crassula-ovata?variant=44678631358730\",\"isSet\":false}], \"handle\" : \"geldbaum-hulk-crassula-ovata\"}, { \"name\": \"Gem\u00fcse-Anzuchtset\", \"unitPrice\" : \"\", \"compareAtPriceString\": \"\", \"priceString\": \"16,99 \u20ac\", \"compareAtPrice\": 0.0, \"price\": 16.99, \"sale\":false, \"percentage\":\"\", \"badge\": \"new\", \"url\": \"https://shop.plantura.garden/products/gemuese-anzuchtset\", \"available\": true, \"availabilityInfo\":\"\", \"campaignInfo\":\"saatgut\",\"isSet\": false, \"priceLabel\": \"\", \"compareAtPriceLabel\": \"\",\"reviewsData\":{\"reviewCount\": 47, \"reviewAverageValue\": 4.7},\"image\": \"https://shop.plantura.garden/cdn/shop/files/gemuese-anzuchtset-plantura_1476x.png?v=1691137698\",\"tags\": \"anzucht-sets,anzuchtsubstrat,anzuchtt\u00f6pfe,aussaat,balkon,bete,category_saatgut,gelbe bete,gem\u00fcse,gem\u00fcse anzucht,gem\u00fcse samen,gem\u00fcsesamen,geschenk,gew\u00e4chshaus,green-week-22,greenweek-geschenkideen,grow kits,grow vegetables,karotten,kinder,mangold,m\u00f6hren,radieschen,saat,saatgut,samen,tomaten samen,tomatensaat,tomatensamen\",\"bulletPoints\": [\"Komplettes Set zur Aussaat von 5 bunten Gem\u00fcsesorten\",\"Rundumpaket mit Samen, Substrat \\u0026 ausf\u00fchrlicher Anleitung\",\"Inklusive kostenlosem Video-Kurs - auch ideal f\u00fcr Anf\u00e4nger\"],\"variants\" : [ {\"sku\": \"S9-ZM0J-YWDH\",\"available\": true, \"compareAtPriceString\": \"\", \"priceString\": \"16,99 \u20ac\", \"compareAtPrice\": 0.0, \"price\": 16.99, \"sale\":false, \"percentage\":\"\", \"priceCurrency\" : \"EUR\", \"url\" : \"https://shop.plantura.garden/products/gemuese-anzuchtset?variant=44550608224522\",\"isSet\":false}], \"handle\" : \"gemuese-anzuchtset\"}, { \"name\": \"Gerandeter Drachenbaum\", \"unitPrice\" : \"\", \"compareAtPriceString\": \"\", \"priceString\": \"32,99 \u20ac\", \"compareAtPrice\": 0.0, \"price\": 32.99, \"sale\":false, \"percentage\":\"\", \"badge\": \"new\", \"url\": \"https://shop.plantura.garden/products/gerandeter-drachenbaum-dracaena-marginata\", \"available\": true, \"availabilityInfo\":\"\", \"campaignInfo\":\"zimmerpflanzen\",\"isSet\": false, \"priceLabel\": \"\", \"compareAtPriceLabel\": \"\",\"reviewsData\":{\"reviewCount\": 7, \"reviewAverageValue\": 4.9},\"image\": \"https://shop.plantura.garden/cdn/shop/products/plantura-gerandeter-drachenbaum-kaufen_1476x.png?v=1663155793\",\"tags\": \"eflora,gr\u00fcnpflanzen,indoor,live plants,luftreinigend,pflanzen,pflegeleicht,pot-discount,wenig licht\",\"bulletPoints\": [\"Dunkelgr\u00fcn gl\u00e4nzende Bl\u00e4tter mit rot gef\u00e4rbten R\u00e4ndern\",\"Absolut pflegeleichte \\u0026 robuste Zimmerpflanze \u2013 auch f\u00fcr Einsteiger\",\"Vielseitig einsetzbar \u2013 eignet sich f\u00fcr jeden Raum\"],\"variants\" : [ {\"sku\": \"IP-DRMA-0017\",\"available\": true, \"compareAtPriceString\": \"\", \"priceString\": \"32,99 \u20ac\", \"compareAtPrice\": 0.0, \"price\": 32.99, \"sale\":false, \"percentage\":\"\", \"priceCurrency\" : \"EUR\", \"url\" : \"https://shop.plantura.garden/products/gerandeter-drachenbaum-dracaena-marginata?variant=43725399752970\",\"isSet\":false}], \"handle\" : \"gerandeter-drachenbaum-dracaena-marginata\"}, { \"name\": \"Gew\u00fcrzstrauch \\u0026#39;Aphrodite\\u0026#39;\u00ae Dunkelrot\", \"unitPrice\" : \"\", \"compareAtPriceString\": \"\", \"priceString\": \"32,99 \u20ac\", \"compareAtPrice\": 0.0, \"price\": 32.99, \"sale\":false, \"percentage\":\"\", \"badge\": \"new\", \"url\": \"https://shop.plantura.garden/products/gewuerzstrauch-aphrodite-dunkelrot\", \"available\": false, \"availabilityInfo\":\"\", \"campaignInfo\":\"pflanzen-draussen\",\"isSet\": false, \"priceLabel\": \"\", \"compareAtPriceLabel\": \"\",\"reviewsData\":{\"reviewCount\": 2, \"reviewAverageValue\": 4.5},\"image\": \"https://shop.plantura.garden/cdn/shop/files/gewuerzstrauch-aphrodite-kaufen_1476x.png?v=1691763181\",\"tags\": \"beefriendly,calycanthus floridus,echter gew\u00fcrzstrauch,erdbeergew\u00fcrzstrauch,flowering shrubs,jeddeloh,live plants,nelkenpfeffer,outdoor,pflanzen,pot-discount,sweetshrub\",\"bulletPoints\": [\"Aromatischer Erdbeerduft \u2013 besonders intensiv in den Abendstunden\",\"Wertvolles Insekten- \\u0026 Bienenn\u00e4hrgeh\u00f6lz f\u00fcr Garten \\u0026 Balkon\",\"Wundersch\u00f6ne dunkelrote Bl\u00fcte \\u0026 tolle Herbstf\u00e4rbung des Laubes\"],\"variants\" : [ {\"sku\": \"OP-CAFL-0425\",\"available\": false, \"compareAtPriceString\": \"\", \"priceString\": \"32,99 \u20ac\", \"compareAtPrice\": 0.0, \"price\": 32.99, \"sale\":false, \"percentage\":\"\", \"priceCurrency\" : \"EUR\", \"url\" : \"https://shop.plantura.garden/products/gewuerzstrauch-aphrodite-dunkelrot?variant=44601855475978\",\"isSet\":false}], \"handle\" : \"gewuerzstrauch-aphrodite-dunkelrot\"}, { \"name\": \"Ginkgobaum Botanico\u00ae \\u0026#39;Mariken\\u0026#39;\", \"unitPrice\" : \"\", \"compareAtPriceString\": \"\", \"priceString\": \"34,99 \u20ac\", \"compareAtPrice\": 0.0, \"price\": 34.99, \"sale\":false, \"percentage\":\"\", \"badge\": \"new\", \"url\": \"https://shop.plantura.garden/products/ginkgobaum-mariken\", \"available\": true, \"availabilityInfo\":\"Verf\u00fcgbar ab Oktober\", \"campaignInfo\":\"pflanzen-draussen\",\"isSet\": false, \"priceLabel\": \"\", \"compareAtPriceLabel\": \"\",\"reviewsData\":{\"reviewCount\": 1, \"reviewAverageValue\": 5.0},\"image\": \"https://shop.plantura.garden/cdn/shop/files/ginkgobaum-mariken-kaufen_1329x.png?v=1692796776\",\"tags\": \"asia,balcony,deciduous shrubs,foliage,f\u00e4cherblattbaum,ginkgo,jeddeloh,kugelginkgo,live plants,outdoor,pflanzen,pot-discount\",\"bulletPoints\": [\"Zwerg-Ginkgobaum mit tollem Blattschmuck \\u0026 kugeliger Form\",\"Ideal f\u00fcr kleine G\u00e4rten oder f\u00fcr den Topf auf Balkon \\u0026 Terrasse\",\"Sehr pflegeleicht, stadtklimafest \\u0026 winterhart\"],\"variants\" : [ {\"sku\": \"OP-GIBI-0095\",\"available\": true, \"compareAtPriceString\": \"\", \"priceString\": \"34,99 \u20ac\", \"compareAtPrice\": 0.0, \"price\": 34.99, \"sale\":false, \"percentage\":\"\", \"priceCurrency\" : \"EUR\", \"url\" : \"https://shop.plantura.garden/products/ginkgobaum-mariken?variant=44373885419786\",\"isSet\":false}, {\"sku\": \"OP-GIBI-0428\",\"available\": false, \"compareAtPriceString\": \"\", \"priceString\": \"69,99 \u20ac\", \"compareAtPrice\": 0.0, \"price\": 69.99, \"sale\":false, \"percentage\":\"\", \"priceCurrency\" : \"EUR\", \"url\" : \"https://shop.plantura.garden/products/ginkgobaum-mariken?variant=44603024900362\",\"isSet\":false}], \"handle\" : \"ginkgobaum-mariken\"}, { \"name\": \"Girlanden-Hortensie Runaway Bride\u00ae \\u0026#39;Snow White\\u0026#39;\", \"unitPrice\" : \"\", \"compareAtPriceString\": \"\", \"priceString\": \"39,99 \u20ac\", \"compareAtPrice\": 0.0, \"price\": 39.99, \"sale\":false, \"percentage\":\"\", \"badge\": \"new\", \"url\": \"https://shop.plantura.garden/products/girlanden-hortensie-runaway-bride-snow-white-weiss\", \"available\": false, \"availabilityInfo\":\"\", \"campaignInfo\":\"pflanzen-draussen\",\"isSet\": false, \"priceLabel\": \"\", \"compareAtPriceLabel\": \"\",\"reviewsData\":{\"reviewCount\": 0, \"reviewAverageValue\": 0.0},\"image\": \"https://shop.plantura.garden/cdn/shop/files/girlanden-hortensie-runaway-bride-snow-white-kaufen_1476x.png?v=1691764086\",\"tags\": \"balcony,flowering shrubs,girlandenhortensie,hydrangea,jeddeloh,live plants,outdoor,pflanzen,pot-discount\",\"bulletPoints\": [\"Schneewei\u00dfe Bl\u00fctenkugeln von Juni bis in den September\\n\",\"\u00dcppige \\u0026 ausdauernde Bl\u00fctenpracht entlang der gesamten Triebe\",\"Auch ideal f\u00fcr den Topf: Kompakter Wuchs \\u0026 tolle Wirkung auf Balkon oder Terrasse\\n\"],\"variants\" : [ {\"sku\": \"OP-HYMA-0032\",\"available\": false, \"compareAtPriceString\": \"\", \"priceString\": \"39,99 \u20ac\", \"compareAtPrice\": 0.0, \"price\": 39.99, \"sale\":false, \"percentage\":\"\", \"priceCurrency\" : \"EUR\", \"url\" : \"https://shop.plantura.garden/products/girlanden-hortensie-runaway-bride-snow-white-weiss?variant=44373892235530\",\"isSet\":false}], \"handle\" : \"girlanden-hortensie-runaway-bride-snow-white-weiss\"}, { \"name\": \"Glanzmispel \\u0026#39;Little Red Robin\\u0026#39; Hochstamm\", \"unitPrice\" : \"\", \"compareAtPriceString\": \"\", \"priceString\": \"39,99 \u20ac\", \"compareAtPrice\": 0.0, \"price\": 39.99, \"sale\":false, \"percentage\":\"\", \"badge\": \"new\", \"url\": \"https://shop.plantura.garden/products/glanzmispel-little-red-robin-hochstamm\", \"available\": true, \"availabilityInfo\":\"\", \"campaignInfo\":\"pflanzen-draussen\",\"isSet\": false, \"priceLabel\": \"\", \"compareAtPriceLabel\": \"\",\"reviewsData\":{\"reviewCount\": 0, \"reviewAverageValue\": 0.0},\"image\": \"https://shop.plantura.garden/cdn/shop/files/glanzmispel-little-red-robin-kaufen_1476x.png?v=1691765126\",\"tags\": \"balcony,beefriendly,birdfriendly,deciduous shrubs,evergreen,foliage,hochstamm,jeddeloh,live plants,outdoor,pflanzen,photinia,photinia fraseri,pot-discount\",\"bulletPoints\": [\"Leuchtend roter Blattaustrieb \\u0026 wei\u00dfe Bl\u00fcten im Fr\u00fchjahr\",\"Dekorative, rote Beeren im Herbst \u2013 Vogeln\u00e4hrgeh\u00f6lz\\n\",\"Immergr\u00fcner Hochstamm: Perfekt f\u00fcr Balkon, Terrasse oder Beet\"],\"variants\" : [ {\"sku\": \"OP-PHFR-0453\",\"available\": true, \"compareAtPriceString\": \"\", \"priceString\": \"39,99 \u20ac\", \"compareAtPrice\": 0.0, \"price\": 39.99, \"sale\":false, \"percentage\":\"\", \"priceCurrency\" : \"EUR\", \"url\" : \"https://shop.plantura.garden/products/glanzmispel-little-red-robin-hochstamm?variant=44601858261258\",\"isSet\":false}], \"handle\" : \"glanzmispel-little-red-robin-hochstamm\"}, { \"name\": \"Gl\u00fccksfeder\", \"unitPrice\" : \"\", \"compareAtPriceString\": \"\", \"priceString\": \"29,99 \u20ac\", \"compareAtPrice\": 0.0, \"price\": 29.99, \"sale\":false, \"percentage\":\"\", \"badge\": \"new\", \"url\": \"https://shop.plantura.garden/products/gluecksfeder-zamioculcas-zamiifolia\", \"available\": true, \"availabilityInfo\":\"\", \"campaignInfo\":\"zimmerpflanzen\",\"isSet\": false, \"priceLabel\": \"\", \"compareAtPriceLabel\": \"\",\"reviewsData\":{\"reviewCount\": 10, \"reviewAverageValue\": 4.7},\"image\": \"https://shop.plantura.garden/cdn/shop/files/plantura-gluecksfeder-kaufen_a95bf7fa-277e-47bd-8637-cc161d8faf3b_1476x.png?v=1686127117\",\"tags\": \"eflora,gr\u00fcnpflanzen,indoor,kaktus,live plants,pflanzen,pflegeleicht,pot-discount,succulents,sukkulente,wenig licht\",\"bulletPoints\": [\"Unkomplizierte \\u0026 robuste Pflanze mit gr\u00fcn-gl\u00e4nzenden Bl\u00e4ttern, die Wasser speichern\",\"Absolut pflegeleicht \u2013 ideal f\u00fcr Pflanzenfreunde mit wenig Zeit\",\"F\u00fcr jeden Raum geeignet: Mag helle, aber auch schattige Standorte\"],\"variants\" : [ {\"sku\": \"IP-ZAZA-0014\",\"available\": true, \"compareAtPriceString\": \"\", \"priceString\": \"29,99 \u20ac\", \"compareAtPrice\": 0.0, \"price\": 29.99, \"sale\":false, \"percentage\":\"\", \"priceCurrency\" : \"EUR\", \"url\" : \"https://shop.plantura.garden/products/gluecksfeder-zamioculcas-zamiifolia?variant=43725416628490\",\"isSet\":false}, {\"sku\": \"IP-ZAZA-0055\",\"available\": false, \"compareAtPriceString\": \"\", \"priceString\": \"39,99 \u20ac\", \"compareAtPrice\": 0.0, \"price\": 39.99, \"sale\":false, \"percentage\":\"\", \"priceCurrency\" : \"EUR\", \"url\" : \"https://shop.plantura.garden/products/gluecksfeder-zamioculcas-zamiifolia?variant=44591260664074\",\"isSet\":false}, {\"sku\": \"IP-ZAZA-0056\",\"available\": true, \"compareAtPriceString\": \"\", \"priceString\": \"44,99 \u20ac\", \"compareAtPrice\": 0.0, \"price\": 44.99, \"sale\":false, \"percentage\":\"\", \"priceCurrency\" : \"EUR\", \"url\" : \"https://shop.plantura.garden/products/gluecksfeder-zamioculcas-zamiifolia?variant=44591260696842\",\"isSet\":false}], \"handle\" : \"gluecksfeder-zamioculcas-zamiifolia\"}, { \"name\": \"Gl\u00fcckskastanie\", \"unitPrice\" : \"\", \"compareAtPriceString\": \"\", \"priceString\": \"16,99 \u20ac\", \"compareAtPrice\": 0.0, \"price\": 16.99, \"sale\":false, \"percentage\":\"\", \"badge\": \"new\", \"url\": \"https://shop.plantura.garden/products/glueckskastanie-pachira-aquatica\", \"available\": true, \"availabilityInfo\":\"\", \"campaignInfo\":\"zimmerpflanzen\",\"isSet\": false, \"priceLabel\": \"\", \"compareAtPriceLabel\": \"\",\"reviewsData\":{\"reviewCount\": 56, \"reviewAverageValue\": 4.8},\"image\": \"https://shop.plantura.garden/cdn/shop/files/plantura-glueckskastanie-kaufen_1476x.png?v=1693467146\",\"tags\": \"eflora,gr\u00fcnpflanzen,indoor,kastanie,katzenfreundlich,live plants,luftreinigend,pflanzen,pflegeleicht,pot-discount\",\"bulletPoints\": [\"Auff\u00e4llig geflochtener Stamm mit gl\u00e4nzend gr\u00fcnen, handf\u00f6rmigen Bl\u00e4ttern\",\"Luftreinigende Zimmerpflanze \u2013 steht gerne hell ohne direkte Sonne\",\"Pflegeleicht \\u0026 auch f\u00fcr Einsteiger perfekt geeignet\"],\"variants\" : [ {\"sku\": \"IP-PAAQ-0007\",\"available\": true, \"compareAtPriceString\": \"\", \"priceString\": \"16,99 \u20ac\", \"compareAtPrice\": 0.0, \"price\": 16.99, \"sale\":false, \"percentage\":\"\", \"priceCurrency\" : \"EUR\", \"url\" : \"https://shop.plantura.garden/products/glueckskastanie-pachira-aquatica?variant=43725405061386\",\"isSet\":false}, {\"sku\": \"IP-PAAQ-0054\",\"available\": true, \"compareAtPriceString\": \"\", \"priceString\": \"39,99 \u20ac\", \"compareAtPrice\": 0.0, \"price\": 39.99, \"sale\":false, \"percentage\":\"\", \"priceCurrency\" : \"EUR\", \"url\" : \"https://shop.plantura.garden/products/glueckskastanie-pachira-aquatica?variant=44591259549962\",\"isSet\":false}], \"handle\" : \"glueckskastanie-pachira-aquatica\"}, { \"name\": \"Gl\u00fcckskastanie XXL-Gr\u00f6\u00dfe\", \"unitPrice\" : \"\", \"compareAtPriceString\": \"\", \"priceString\": \"89,99 \u20ac\", \"compareAtPrice\": 0.0, \"price\": 89.99, \"sale\":false, \"percentage\":\"\", \"badge\": \"new\", \"url\": \"https://shop.plantura.garden/products/glueckskastanie-pachira-aquatica-xxl-groesse\", \"available\": true, \"availabilityInfo\":\"\", \"campaignInfo\":\"zimmerpflanzen\",\"isSet\": false, \"priceLabel\": \"\", \"compareAtPriceLabel\": \"\",\"reviewsData\":{\"reviewCount\": 56, \"reviewAverageValue\": 4.8},\"image\": \"https://shop.plantura.garden/cdn/shop/files/plantura-glueckskastanie-xxl-groesse-kaufen_1476x.png?v=1693465955\",\"tags\": \"eflora,gro\u00dfe zimmerpflanze,gr\u00fcnpflanzen,indoor,kastanie,katzenfreundlich,live plants,luftreinigend,new,pflanzen,pflegeleicht,pot-discount,xxl zimmerpflanze\",\"bulletPoints\": [\"XXL-Gl\u00fcckskastanie mit eng geflochtenem Stamm\",\"Handf\u00f6rmige Bl\u00e4tter in gl\u00e4nzendem Gr\u00fcn\",\"Pflegeleichte Zimmerpflanze mit luftreinigenden Eigenschaften\"],\"variants\" : [ {\"sku\": \"IP-PAAQ-0077\",\"available\": true, \"compareAtPriceString\": \"\", \"priceString\": \"89,99 \u20ac\", \"compareAtPrice\": 0.0, \"price\": 89.99, \"sale\":false, \"percentage\":\"\", \"priceCurrency\" : \"EUR\", \"url\" : \"https://shop.plantura.garden/products/glueckskastanie-pachira-aquatica-xxl-groesse?variant=44678636110090\",\"isSet\":false}], \"handle\" : \"glueckskastanie-pachira-aquatica-xxl-groesse\"}, { \"name\": \"Gold-Berberitze \\u0026#39;Maria\\u0026#39;\u00ae\", \"unitPrice\" : \"\", \"compareAtPriceString\": \"\", \"priceString\": \"24,99 \u20ac\", \"compareAtPrice\": 0.0, \"price\": 24.99, \"sale\":false, \"percentage\":\"\", \"badge\": \"new\", \"url\": \"https://shop.plantura.garden/products/gold-berberitze-maria\", \"available\": true, \"availabilityInfo\":\"\", \"campaignInfo\":\"pflanzen-draussen\",\"isSet\": false, \"priceLabel\": \"\", \"compareAtPriceLabel\": \"\",\"reviewsData\":{\"reviewCount\": 2, \"reviewAverageValue\": 5.0},\"image\": \"https://shop.plantura.garden/cdn/shop/files/berberitze-maria-kaufen_1427x.png?v=1692796052\",\"tags\": \"barberry,beefriendly,berberis,berberitze,birdfriendly,blutberberitze,deciduous shrubs,drought tolerant,foliage,heckenberberitze,jeddeloh,live plants,outdoor,pflanzen,pot-discount,thunberg berberitze\",\"bulletPoints\": [\"Dekorative, leuchtend goldgelbe Bl\u00e4tter \\u0026 gelbe Bl\u00fcten\",\"W\u00e4chst aufrecht-s\u00e4ulenartig \\u0026 braucht nur wenig Platz\\n\",\"Robust: Frosthart, stadtklimafest \\u0026 trockenheitsresistent\\n\"],\"variants\" : [ {\"sku\": \"OP-BETH-0262\",\"available\": true, \"compareAtPriceString\": \"\", \"priceString\": \"24,99 \u20ac\", \"compareAtPrice\": 0.0, \"price\": 24.99, \"sale\":false, \"percentage\":\"\", \"priceCurrency\" : \"EUR\", \"url\" : \"https://shop.plantura.garden/products/gold-berberitze-maria?variant=44373859631370\",\"isSet\":false}], \"handle\" : \"gold-berberitze-maria\"}, { \"name\": \"Goldene Efeutute\", \"unitPrice\" : \"\", \"compareAtPriceString\": \"\", \"priceString\": \"27,99 \u20ac\", \"compareAtPrice\": 0.0, \"price\": 27.99, \"sale\":false, \"percentage\":\"\", \"badge\": \"new\", \"url\": \"https://shop.plantura.garden/products/goldene-efeutute-epipremnum-aureum\", \"available\": true, \"availabilityInfo\":\"\", \"campaignInfo\":\"zimmerpflanzen\",\"isSet\": false, \"priceLabel\": \"\", \"compareAtPriceLabel\": \"\",\"reviewsData\":{\"reviewCount\": 5, \"reviewAverageValue\": 4.2},\"image\": \"https://shop.plantura.garden/cdn/shop/files/plantura-goldene-efeutute-kaufen_1476x.png?v=1693467097\",\"tags\": \"efeu tute,eflora,h\u00e4ngend,indoor,live plants,luftreinigend,pflanzen,pflegeleicht,pot-discount,pothos,special leaf\",\"bulletPoints\": [\"Luftreinigende Efeutute mit auff\u00e4lliger, gr\u00fcngelber Blattzeichnung\",\"Pflegeleicht \\u0026 unkompliziert: Auch perfekt f\u00fcr Einsteiger\",\"Als H\u00e4nge- oder Kletterpflanze f\u00fcr jeden Raum geeignet\"],\"variants\" : [ {\"sku\": \"IP-EPPI-0008\",\"available\": true, \"compareAtPriceString\": \"\", \"priceString\": \"27,99 \u20ac\", \"compareAtPrice\": 0.0, \"price\": 27.99, \"sale\":false, \"percentage\":\"\", \"priceCurrency\" : \"EUR\", \"url\" : \"https://shop.plantura.garden/products/goldene-efeutute-epipremnum-aureum?variant=43725400736010\",\"isSet\":false}], \"handle\" : \"goldene-efeutute-epipremnum-aureum\"}, { \"name\": \"Goldfruchtpalme\", \"unitPrice\" : \"\", \"compareAtPriceString\": \"\", \"priceString\": \"15,99 \u20ac\", \"compareAtPrice\": 0.0, \"price\": 15.99, \"sale\":false, \"percentage\":\"\", \"badge\": \"new\", \"url\": \"https://shop.plantura.garden/products/goldfruchtpalme-dypsis-lutescens\", \"available\": true, \"availabilityInfo\":\"\", \"campaignInfo\":\"zimmerpflanzen\",\"isSet\": false, \"priceLabel\": \"\", \"compareAtPriceLabel\": \"\",\"reviewsData\":{\"reviewCount\": 12, \"reviewAverageValue\": 4.8},\"image\": \"https://shop.plantura.garden/cdn/shop/files/plantura-goldfruchtpalme-kaufen_1476x.png?v=1693467066\",\"tags\": \"areca,areca palme,arecea,eflora,gr\u00fcnpflanzen,indoor,katzenfreundlich,live plants,luftreinigend,pflanzen,pflegeleicht,pot-discount\",\"bulletPoints\": [\"Robuste \\u0026 pflegeleichte Zimmerpflanze \u2013 ideal f\u00fcr Anf\u00e4nger\",\"Luftreinigende \\u0026 haustierfreundliche Palme mit dekorativen Bl\u00e4ttern\",\"W\u00e4chst in jedem hellen Raum, solange der Standort ohne direkte Sonne ist\"],\"variants\" : [ {\"sku\": \"IP-ARLU-0063\",\"available\": true, \"compareAtPriceString\": \"\", \"priceString\": \"15,99 \u20ac\", \"compareAtPrice\": 0.0, \"price\": 15.99, \"sale\":false, \"percentage\":\"\", \"priceCurrency\" : \"EUR\", \"url\" : \"https://shop.plantura.garden/products/goldfruchtpalme-dypsis-lutescens?variant=44678643155210\",\"isSet\":false}, {\"sku\": \"IP-ARLU-0010\",\"available\": true, \"compareAtPriceString\": \"\", \"priceString\": \"24,99 \u20ac\", \"compareAtPrice\": 0.0, \"price\": 24.99, \"sale\":false, \"percentage\":\"\", \"priceCurrency\" : \"EUR\", \"url\" : \"https://shop.plantura.garden/products/goldfruchtpalme-dypsis-lutescens?variant=43725396377866\",\"isSet\":false}, {\"sku\": \"IP-ARLU-0057\",\"available\": true, \"compareAtPriceString\": \"\", \"priceString\": \"45,99 \u20ac\", \"compareAtPrice\": 0.0, \"price\": 45.99, \"sale\":false, \"percentage\":\"\", \"priceCurrency\" : \"EUR\", \"url\" : \"https://shop.plantura.garden/products/goldfruchtpalme-dypsis-lutescens?variant=44591258599690\",\"isSet\":false}], \"handle\" : \"goldfruchtpalme-dypsis-lutescens\"}, { \"name\": \"Goldfruchtpalme XXL-Gr\u00f6\u00dfe\", \"unitPrice\" : \"\", \"compareAtPriceString\": \"\", \"priceString\": \"69,99 \u20ac\", \"compareAtPrice\": 0.0, \"price\": 69.99, \"sale\":false, \"percentage\":\"\", \"badge\": \"new\", \"url\": \"https://shop.plantura.garden/products/goldfruchtpalme-dypsis-lutescens-xxl-groesse\", \"available\": true, \"availabilityInfo\":\"\", \"campaignInfo\":\"zimmerpflanzen\",\"isSet\": false, \"priceLabel\": \"\", \"compareAtPriceLabel\": \"\",\"reviewsData\":{\"reviewCount\": 12, \"reviewAverageValue\": 4.8},\"image\": \"https://shop.plantura.garden/cdn/shop/files/plantura-goldfruchtpalme-xxl-groesse-kaufen_1476x.png?v=1693465358\",\"tags\": \"areca,areca palme,arecea,eflora,gro\u00dfe zimmerpflanze,gr\u00fcnpflanzen,indoor,katzenfreundlich,live plants,luftreinigend,new,pflanzen,pflegeleicht,pot-discount,xxl zimmerpflanze\",\"bulletPoints\": [\"Gro\u00dfe XXL-Palme: Beeindruckendes Einzelst\u00fcck\",\"Pflegeleicht \\u0026 robust \u2013 perfekt f\u00fcr Einsteiger geeignet\",\"Haustierfreundliche \\u0026 luftreinigende Zimmerpflanze\"],\"variants\" : [ {\"sku\": \"IP-ARLU-0079\",\"available\": true, \"compareAtPriceString\": \"\", \"priceString\": \"69,99 \u20ac\", \"compareAtPrice\": 0.0, \"price\": 69.99, \"sale\":false, \"percentage\":\"\", \"priceCurrency\" : \"EUR\", \"url\" : \"https://shop.plantura.garden/products/goldfruchtpalme-dypsis-lutescens-xxl-groesse?variant=44678626017546\",\"isSet\":false}], \"handle\" : \"goldfruchtpalme-dypsis-lutescens-xxl-groesse\"}, { \"name\": \"Goldgelber Per\u00fcckenstrauch \\u0026#39;Golden Spirit\\u0026#39;\u00ae\", \"unitPrice\" : \"\", \"compareAtPriceString\": \"\", \"priceString\": \"29,99 \u20ac\", \"compareAtPrice\": 0.0, \"price\": 29.99, \"sale\":false, \"percentage\":\"\", \"badge\": \"new\", \"url\": \"https://shop.plantura.garden/products/goldgelber-perueckenstrauch-golden-spirit\", \"available\": false, \"availabilityInfo\":\"\", \"campaignInfo\":\"pflanzen-draussen\",\"isSet\": false, \"priceLabel\": \"\", \"compareAtPriceLabel\": \"\",\"reviewsData\":{\"reviewCount\": 0, \"reviewAverageValue\": 0.0},\"image\": \"https://shop.plantura.garden/cdn/shop/files/goldgelber-perueckenstrauch-golden-spirit-kaufen_1437x.png?v=1692796548\",\"tags\": \"coggygria,cotinus coggygria,deciduous shrubs,drought tolerant,flowering shrubs,foliage,jeddeloh,live plants,outdoor,per\u00fcckenbaum,per\u00fcckenstrauch,pflanzen,pot-discount,smoke tree\",\"bulletPoints\": [\"Auff\u00e4llig gelb-gr\u00fcnes Laub mit intensiv roter Herbstf\u00e4rbung\",\"Per\u00fcckenartige Fruchtst\u00e4nde bezaubern von August bis September\",\"Hitze- \\u0026 trockenheitsvertr\u00e4glich, pflegeleicht \\u0026 schnittvertr\u00e4glich\"],\"variants\" : [ {\"sku\": \"OP-COCO-0233\",\"available\": false, \"compareAtPriceString\": \"\", \"priceString\": \"29,99 \u20ac\", \"compareAtPrice\": 0.0, \"price\": 29.99, \"sale\":false, \"percentage\":\"\", \"priceCurrency\" : \"EUR\", \"url\" : \"https://shop.plantura.garden/products/goldgelber-perueckenstrauch-golden-spirit?variant=44327843168522\",\"isSet\":false}], \"handle\" : \"goldgelber-perueckenstrauch-golden-spirit\"}, { \"name\": \"Gratis Bienenweide Saatgut-Mischung\", \"unitPrice\" : \"Grundpreis: 0,00 \u20ac/kg\", \"compareAtPriceString\": \"9,99 \u20ac\", \"priceString\": \"0,00 \u20ac\", \"compareAtPrice\": 9.99, \"price\": 0.0, \"sale\":true, \"percentage\":\"100%\", \"badge\": \"new\", \"url\": \"https://shop.plantura.garden/products/docapp-free-gift-bienenweide-gratis\", \"available\": true, \"availabilityInfo\":\"\", \"campaignInfo\":\"saatgut\",\"isSet\": false, \"priceLabel\": \"\", \"compareAtPriceLabel\": \"\",\"reviewsData\":{\"reviewCount\": 7, \"reviewAverageValue\": 5.0},\"image\": \"https://shop.plantura.garden/cdn/shop/products/bienenweide-plantura_aa017eba-715f-4397-bee1-0fc61231c6a4_1100x.jpg?v=1685090586\",\"tags\": \"__hidden,bonsai_excluded,Exclude From Back In Stock,exclude_rebuy,exclude_recommendations,exclude_review,hidden,Hidden recommendation,Hide,judgeme_excluded,NO,nocart,not-on-sale,SEARCHANISE_IGNORE,spo-default,spo-disabled\",\"bulletPoints\": [\"Pflegeleichte Blumenmischung aus \u00fcber 20 ein- \\u0026 mehrj\u00e4hrigen Arten\",\"Bietet Bienen, Hummeln \\u0026 Co. ein reiches Nahrungsangebot\",\"Premium-Bienenweide mit Imkern entwickelt\"],\"variants\" : [ {\"sku\": \"E9-TEKZ-WFP9\",\"available\": true, \"compareAtPriceString\": \"9,99 \u20ac\", \"priceString\": \"0,00 \u20ac\", \"compareAtPrice\": 9.99, \"price\": 0.0, \"sale\":true, \"percentage\":\"100%\", \"priceCurrency\" : \"EUR\", \"url\" : \"https://shop.plantura.garden/products/docapp-free-gift-bienenweide-gratis?variant=44570338525450\",\"isSet\":false}], \"handle\" : \"docapp-free-gift-bienenweide-gratis\"}, { \"name\": \"Gratis Bio-D\u00fcnger 1,5 kg\", \"unitPrice\" : \"Grundpreis: 0,00 \u20ac/kg\", \"compareAtPriceString\": \"14,99 \u20ac\", \"priceString\": \"0,00 \u20ac\", \"compareAtPrice\": 14.99, \"price\": 0.0, \"sale\":true, \"percentage\":\"100%\", \"badge\": \"new\", \"url\": \"https://shop.plantura.garden/products/docapp-free-gift-gratis-bio-dunger-1-5-kg\", \"available\": true, \"availabilityInfo\":\"\", \"campaignInfo\":\"duenger\",\"isSet\": false, \"priceLabel\": \"\", \"compareAtPriceLabel\": \"\",\"reviewsData\":{\"reviewCount\": 1, \"reviewAverageValue\": 4.0},\"image\": \"https://shop.plantura.garden/cdn/shop/products/tomatenduenger-plantura_c01b8ae4-8ac6-4527-be20-102e82af7111_1000x.jpg?v=1680180482\",\"tags\": \"__hidden,bonsai_excluded,Exclude From Back In Stock,exclude_rebuy,exclude_recommendations,exclude_review,hidden,Hidden recommendation,Hide,judgeme_excluded,NO,nocart,not-on-sale,SEARCHANISE_IGNORE,spo-default,spo-disabled\",\"bulletPoints\": [\"Ideal geeignet f\u00fcr Tomaten, Chili, Zucchini, Gurke \\u0026 Co.\",\"F\u00fcr gest\u00e4rkte Pflanzen \\u0026 eine aromatische, reiche Ernte\",\"Tierfreier Bio-Langzeitd\u00fcnger - unbedenklich f\u00fcr Haus- \\u0026 Gartentiere\"],\"customImages\": {},\"variants\" : [ {\"sku\": \"ZI-3PMQ-CN5C\",\"available\": true, \"compareAtPriceString\": \"14,99 \u20ac\", \"priceString\": \"0,00 \u20ac\", \"compareAtPrice\": 14.99, \"price\": 0.0, \"sale\":true, \"percentage\":\"100%\", \"priceCurrency\" : \"EUR\", \"url\" : \"https://shop.plantura.garden/products/docapp-free-gift-gratis-bio-dunger-1-5-kg?variant=44469829665034\",\"isSet\":false}], \"handle\" : \"docapp-free-gift-gratis-bio-dunger-1-5-kg\"}, { \"name\": \"Gratis Bio-D\u00fcnger 800 ml\", \"unitPrice\" : \"Grundpreis: 0,00 \u20ac/l\", \"compareAtPriceString\": \"12,99 \u20ac\", \"priceString\": \"0,00 \u20ac\", \"compareAtPrice\": 12.99, \"price\": 0.0, \"sale\":true, \"percentage\":\"100%\", \"badge\": \"new\", \"url\": \"https://shop.plantura.garden/products/docapp-free-gift-gratis-bio-dunger-800-ml\", \"available\": true, \"availabilityInfo\":\"\", \"campaignInfo\":\"duenger\",\"isSet\": false, \"priceLabel\": \"\", \"compareAtPriceLabel\": \"\",\"reviewsData\":{\"reviewCount\": 3, \"reviewAverageValue\": 5.0},\"image\": \"https://shop.plantura.garden/cdn/shop/products/fluessigduenger-gemuese-tomaten-plantura_db1c808d-2b5b-4aae-84bf-41a81ae6effb_1100x.jpg?v=1680180180\",\"tags\": \"__hidden,bonsai_excluded,Exclude From Back In Stock,exclude_rebuy,exclude_recommendations,exclude_review,hidden,Hidden recommendation,Hide,judgeme_excluded,NO,nocart,not-on-sale,SEARCHANISE_IGNORE,spo-default,spo-disabled\",\"bulletPoints\": [\"Organischer Fl\u00fcssigd\u00fcnger f\u00fcr Tomaten \\u0026 anderes Gem\u00fcse\",\"F\u00fcr gesundes Wachstum sowie eine reiche \\u0026 aromatische Ernte\",\"Schnelle \\u0026 einfache Gie\u00dfanwendung - unbedenklich f\u00fcr Haus- \\u0026 Gartentiere\"],\"customImages\": {},\"variants\" : [ {\"sku\": \"5A-XPXO-GF43\",\"available\": true, \"compareAtPriceString\": \"12,99 \u20ac\", \"priceString\": \"0,00 \u20ac\", \"compareAtPrice\": 12.99, \"price\": 0.0, \"sale\":true, \"percentage\":\"100%\", \"priceCurrency\" : \"EUR\", \"url\" : \"https://shop.plantura.garden/products/docapp-free-gift-gratis-bio-dunger-800-ml?variant=44469817671946\",\"isSet\":false}], \"handle\" : \"docapp-free-gift-gratis-bio-dunger-800-ml\"}, { \"name\": \"Gratis Bio-D\u00fcnger 800 ml\", \"unitPrice\" : \"Grundpreis: 0,00 \u20ac/l\", \"compareAtPriceString\": \"12,99 \u20ac\", \"priceString\": \"0,00 \u20ac\", \"compareAtPrice\": 12.99, \"price\": 0.0, \"sale\":true, \"percentage\":\"100%\", \"badge\": \"new\", \"url\": \"https://shop.plantura.garden/products/docapp-free-gift-gratis-bio-dunger-800-ml-1\", \"available\": true, \"availabilityInfo\":\"\", \"campaignInfo\":\"duenger\",\"isSet\": false, \"priceLabel\": \"\", \"compareAtPriceLabel\": \"\",\"reviewsData\":{\"reviewCount\": 1, \"reviewAverageValue\": 5.0},\"image\": \"https://shop.plantura.garden/cdn/shop/products/obstbaumduenger-bio-plantura_19ebd6b7-799b-4d1a-817c-444c79f31aca_1476x.png?v=1684943138\",\"tags\": \"__hidden,bonsai_excluded,Exclude From Back In Stock,exclude_rebuy,exclude_recommendations,exclude_review,hidden,Hidden recommendation,Hide,judgeme_excluded,NO,nocart,not-on-sale,SEARCHANISE_IGNORE,spo-default,spo-disabled\",\"bulletPoints\": [\"Organischer Fl\u00fcssigd\u00fcnger f\u00fcr Beerenstr\u00e4ucher \\u0026 Obstb\u00e4ume\",\"F\u00fcr eine reiche Ernte mit leckeren Fr\u00fcchten \\u0026 gesunde Pflanzen\",\"Einfache Anwendung \u00fcber das Gie\u00dfwasser \u2013 unbedenklich f\u00fcr Haustiere\"],\"variants\" : [ {\"sku\": \"BD-8S5N-800M\",\"available\": true, \"compareAtPriceString\": \"12,99 \u20ac\", \"priceString\": \"0,00 \u20ac\", \"compareAtPrice\": 12.99, \"price\": 0.0, \"sale\":true, \"percentage\":\"100%\", \"priceCurrency\" : \"EUR\", \"url\" : \"https://shop.plantura.garden/products/docapp-free-gift-gratis-bio-dunger-800-ml-1?variant=44568146051338\",\"isSet\":false}], \"handle\" : \"docapp-free-gift-gratis-bio-dunger-800-ml-1\"}, { \"name\": \"Gr\u00fcnlilie\", \"unitPrice\" : \"\", \"compareAtPriceString\": \"\", \"priceString\": \"16,99 \u20ac\", \"compareAtPrice\": 0.0, \"price\": 16.99, \"sale\":false, \"percentage\":\"\", \"badge\": \"new\", \"url\": \"https://shop.plantura.garden/products/gruenlilie-chlorophytum-comosum\", \"available\": true, \"availabilityInfo\":\"\", \"campaignInfo\":\"zimmerpflanzen\",\"isSet\": false, \"priceLabel\": \"\", \"compareAtPriceLabel\": \"\",\"reviewsData\":{\"reviewCount\": 12, \"reviewAverageValue\": 4.8},\"image\": \"https://shop.plantura.garden/cdn/shop/products/plantura-gruenlilie-kaufen_1476x.png?v=1663155724\",\"tags\": \"eflora,h\u00e4ngend,indoor,katzenfreundlich,kleine zimmerpflanzen,live plants,luftreinigend,pflanzen,pflegeleicht,pot-discount\",\"bulletPoints\": [\"Haustierfreundliche H\u00e4ngepflanze mit wei\u00df-gr\u00fcn gestreiften Bl\u00e4ttern\",\"Pflegeleichte Mitbewohnerin \u2013 auch perfekt f\u00fcr Einsteiger\",\"F\u00fchlt sich in jedem Raum wohl, solange es hell bis halbschattig ist\"],\"variants\" : [ {\"sku\": \"IP-CHCO-0001\",\"available\": true, \"compareAtPriceString\": \"\", \"priceString\": \"16,99 \u20ac\", \"compareAtPrice\": 0.0, \"price\": 16.99, \"sale\":false, \"percentage\":\"\", \"priceCurrency\" : \"EUR\", \"url\" : \"https://shop.plantura.garden/products/gruenlilie-chlorophytum-comosum?variant=43725398475018\",\"isSet\":false}], \"handle\" : \"gruenlilie-chlorophytum-comosum\"}, { \"name\": \"Gummibaum \\u0026#39;Robusta\\u0026#39;\", \"unitPrice\" : \"\", \"compareAtPriceString\": \"\", \"priceString\": \"23,99 \u20ac\", \"compareAtPrice\": 0.0, \"price\": 23.99, \"sale\":false, \"percentage\":\"\", \"badge\": \"new\", \"url\": \"https://shop.plantura.garden/products/gummibaum-robusta-ficus-elastica\", \"available\": true, \"availabilityInfo\":\"\", \"campaignInfo\":\"zimmerpflanzen\",\"isSet\": false, \"priceLabel\": \"\", \"compareAtPriceLabel\": \"\",\"reviewsData\":{\"reviewCount\": 1, \"reviewAverageValue\": 5.0},\"image\": \"https://shop.plantura.garden/cdn/shop/files/plantura-gummibaum-robusta-kaufen_1476x.png?v=1693465699\",\"tags\": \"eflora,ficus elastica,ficus robusta,gr\u00fcnpflanzen,indoor,limited-quantity,live plants,luftreinigend,pflanzen,pflegeleicht,pot-discount\",\"bulletPoints\": [\"Robuste Zimmerpflanze mit gro\u00dfen, gl\u00e4nzend gr\u00fcnen Bl\u00e4ttern\",\"Pflegeleicht \\u0026 unkompliziert \u2013 perfekt f\u00fcr Anf\u00e4nger\",\"Luftreinigend: Filtert Schadstoffe aus der Luft\"],\"variants\" : [ {\"sku\": \"IP-FIEL-0039\",\"available\": true, \"compareAtPriceString\": \"\", \"priceString\": \"23,99 \u20ac\", \"compareAtPrice\": 0.0, \"price\": 23.99, \"sale\":false, \"percentage\":\"\", \"priceCurrency\" : \"EUR\", \"url\" : \"https://shop.plantura.garden/products/gummibaum-robusta-ficus-elastica?variant=44678631915786\",\"isSet\":false}, {\"sku\": \"IP-FIEL-0040\",\"available\": true, \"compareAtPriceString\": \"\", \"priceString\": \"34,99 \u20ac\", \"compareAtPrice\": 0.0, \"price\": 34.99, \"sale\":false, \"percentage\":\"\", \"priceCurrency\" : \"EUR\", \"url\" : \"https://shop.plantura.garden/products/gummibaum-robusta-ficus-elastica?variant=44678631948554\",\"isSet\":false}], \"handle\" : \"gummibaum-robusta-ficus-elastica\"}, { \"name\": \"Gummibaum \\u0026#39;Robusta\\u0026#39; XXL-Gr\u00f6\u00dfe\", \"unitPrice\" : \"\", \"compareAtPriceString\": \"\", \"priceString\": \"69,99 \u20ac\", \"compareAtPrice\": 0.0, \"price\": 69.99, \"sale\":false, \"percentage\":\"\", \"badge\": \"new\", \"url\": \"https://shop.plantura.garden/products/gummibaum-robusta-ficus-elastica-xxl-groesse\", \"available\": true, \"availabilityInfo\":\"\", \"campaignInfo\":\"zimmerpflanzen\",\"isSet\": false, \"priceLabel\": \"\", \"compareAtPriceLabel\": \"\",\"reviewsData\":{\"reviewCount\": 1, \"reviewAverageValue\": 5.0},\"image\": \"https://shop.plantura.garden/cdn/shop/files/plantura-gummibaum-robusta-xxl-groesse-kaufen_1476x.png?v=1693465752\",\"tags\": \"eflora,ficus elastica,ficus robusta,gro\u00dfe zimmerpflanze,gr\u00fcnpflanzen,indoor,live plants,luftreinigend,new,pflanzen,pflegeleicht,pot-discount,xxl zimmerpflanze\",\"bulletPoints\": [\"Gro\u00dfer Gummibaum im XXL-Format mit gl\u00e4nzend gr\u00fcnen Bl\u00e4ttern\",\"Robust \\u0026 pflegeleicht \u2013 ideal f\u00fcr alle ohne gr\u00fcnen Daumen\",\"Luftreinigende Zimmerpflanze f\u00fcr jeden Raum\"],\"variants\" : [ {\"sku\": \"IP-FIEL-0082\",\"available\": true, \"compareAtPriceString\": \"\", \"priceString\": \"69,99 \u20ac\", \"compareAtPrice\": 0.0, \"price\": 69.99, \"sale\":false, \"percentage\":\"\", \"priceCurrency\" : \"EUR\", \"url\" : \"https://shop.plantura.garden/products/gummibaum-robusta-ficus-elastica-xxl-groesse?variant=44678632276234\",\"isSet\":false}], \"handle\" : \"gummibaum-robusta-ficus-elastica-xxl-groesse\"}, { \"name\": \"H\u00e4ngende Zimmerpflanzen (3er Set)\", \"unitPrice\" : \"\", \"compareAtPriceString\": \"76,97 \u20ac\", \"priceString\": \"64,99 \u20ac\", \"compareAtPrice\": 76.97, \"price\": 64.99, \"sale\":false, \"percentage\":\"16%\", \"badge\": \"angebot\", \"url\": \"https://shop.plantura.garden/products/haengende-zimmerpflanzen-3er-set\", \"available\": true, \"availabilityInfo\":\"\", \"campaignInfo\":\"zimmerpflanzen\",\"isSet\": true, \"priceLabel\": \"Im Set\", \"compareAtPriceLabel\": \"Einzeln\",\"reviewsData\":{\"reviewCount\": 1, \"reviewAverageValue\": 5.0},\"image\": \"https://shop.plantura.garden/cdn/shop/files/plantura-haengende-zimmerpflanzen-set-kaufen_1476x.png?v=1693465140\",\"tags\": \"angebot,bundle,eflora,h\u00e4nge zimmerpflanzen,h\u00e4ngend,h\u00e4ngende gr\u00fcnpflanzen,h\u00e4ngende pflanzen zimmer,h\u00e4ngepflanze,h\u00e4ngepflanzen drinnen,indoor,limited-quantity,live plants,pflanzen,pflanzenset,pot-discount,set\",\"bulletPoints\": [\"Exotische H\u00e4ngepflanzen f\u00fcr den perfekten Zimmer-Dschungel\",\"Platzsparend \\u0026 dekorativ \u2013 ideal f\u00fcr H\u00e4ngek\u00f6rbe, Ampeln, Regale \\u0026 Co.\",\"3er Set aus Erbsenpflanze, Goldener Efeutute \\u0026 'String of Hearts'\"],\"variants\" : [ {\"sku\": \"IB-HAPL-0008\",\"available\": true, \"compareAtPriceString\": \"76,97 \u20ac\", \"priceString\": \"64,99 \u20ac\", \"compareAtPrice\": 76.97, \"price\": 64.99, \"sale\":true, \"percentage\":\"16%\", \"priceCurrency\" : \"EUR\", \"url\" : \"https://shop.plantura.garden/products/haengende-zimmerpflanzen-3er-set?variant=44678621692170\",\"isSet\":true }], \"handle\" : \"haengende-zimmerpflanzen-3er-set\"}, { \"name\": \"H\u00e4ngetopf aus Jute\", \"unitPrice\" : \"\", \"compareAtPriceString\": \"\", \"priceString\": \"13,99 \u20ac\", \"compareAtPrice\": 0.0, \"price\": 13.99, \"sale\":false, \"percentage\":\"\", \"badge\": \"angebot\", \"url\": \"https://shop.plantura.garden/products/haengetopf-jute-zimmerpflanzen\", \"available\": true, \"availabilityInfo\":\"\", \"campaignInfo\":\"\",\"isSet\": false, \"priceLabel\": \"\", \"compareAtPriceLabel\": \"\",\"reviewsData\":{\"reviewCount\": 1, \"reviewAverageValue\": 5.0},\"image\": \"https://shop.plantura.garden/cdn/shop/files/haengetopf-jute-zimmerpflanzen-kaufen_1476x.png?v=1693465096\",\"tags\": \"blumentopf,blument\u00f6pfe,eflora,indoor,plant pots,save-with-plant,topf,t\u00f6pfe\",\"bulletPoints\": [\"Nachhaltiger H\u00e4ngetopf aus nat\u00fcrlicher Jute\",\"Wasserdicht \\u0026 bruchsicher \u2013 mit Schlaufe zum Aufh\u00e4ngen\",\"Perfekt f\u00fcr h\u00e4ngende \\u0026 rankende Zimmerpflanzen\"],\"variants\" : [ {\"sku\": \"AC-HA15-0013\",\"available\": true, \"compareAtPriceString\": \"\", \"priceString\": \"13,99 \u20ac\", \"compareAtPrice\": 0.0, \"price\": 13.99, \"sale\":false, \"percentage\":\"\", \"priceCurrency\" : \"EUR\", \"url\" : \"https://shop.plantura.garden/products/haengetopf-jute-zimmerpflanzen?variant=44678620512522\",\"isSet\":false}], \"handle\" : \"haengetopf-jute-zimmerpflanzen\"}, { \"name\": \"Haustierfreundliche Zimmerpflanzen (4er Set)\", \"unitPrice\" : \"\", \"compareAtPriceString\": \"88,96 \u20ac\", \"priceString\": \"74,99 \u20ac\", \"compareAtPrice\": 88.96, \"price\": 74.99, \"sale\":false, \"percentage\":\"16%\", \"badge\": \"angebot\", \"url\": \"https://shop.plantura.garden/products/haustierfreundliche-zimmerpflanzen-4er-set\", \"available\": true, \"availabilityInfo\":\"\", \"campaignInfo\":\"zimmerpflanzen\",\"isSet\": true, \"priceLabel\": \"Im Set\", \"compareAtPriceLabel\": \"Einzeln\",\"reviewsData\":{\"reviewCount\": 13, \"reviewAverageValue\": 5.0},\"image\": \"https://shop.plantura.garden/cdn/shop/products/plantura-haustierfreundliche-zimmerpflanzen-kaufen_1476x.png?v=1663154412\",\"tags\": \"angebot,bundle,eflora,gr\u00fcnpflanzen,hundefreundliche zimmerpflanzen,indoor,katzenfreundlich,katzenfreundliche zimmerpflanzen,live plants,pflanzen,pflanzenset,pot-discount,set,tierfreundlich,ungiftige zimmerpflanzen,zimmerpflanzen f\u00fcr katzen,zimmerpflanzen ungiftig f\u00fcr hunde\",\"bulletPoints\": [\"4 haustierfreundliche Zimmerpflanzen im praktischen Set\",\"Ideal f\u00fcr Pflanzenfreunde mit Hunden oder Katzen\",\"Box mit Gr\u00fcnlilie, Goldfruchtpalme, Calathea rufibarba \\u0026 Schwertfarn\"],\"variants\" : [ {\"sku\": \"IB-ANFR-0002\",\"available\": true, \"compareAtPriceString\": \"88,96 \u20ac\", \"priceString\": \"74,99 \u20ac\", \"compareAtPrice\": 88.96, \"price\": 74.99, \"sale\":true, \"percentage\":\"16%\", \"priceCurrency\" : \"EUR\", \"url\" : \"https://shop.plantura.garden/products/haustierfreundliche-zimmerpflanzen-4er-set?variant=43725383565578\",\"isSet\":true }], \"handle\" : \"haustierfreundliche-zimmerpflanzen-4er-set\"}, { \"name\": \"Haustierfreundliche Zimmerpflanzen (6er Set)\", \"unitPrice\" : \"\", \"compareAtPriceString\": \"131,94 \u20ac\", \"priceString\": \"109,99 \u20ac\", \"compareAtPrice\": 131.94, \"price\": 109.99, \"sale\":false, \"percentage\":\"17%\", \"badge\": \"angebot\", \"url\": \"https://shop.plantura.garden/products/haustierfreundliche-zimmerpflanzen-6er-set\", \"available\": true, \"availabilityInfo\":\"\", \"campaignInfo\":\"zimmerpflanzen\",\"isSet\": true, \"priceLabel\": \"Im Set\", \"compareAtPriceLabel\": \"Einzeln\",\"reviewsData\":{\"reviewCount\": 1, \"reviewAverageValue\": 5.0},\"image\": \"https://shop.plantura.garden/cdn/shop/files/plantura-sechs-haustierfreundliche-zimmerpflanzen-set-kaufen_1476x.png?v=1693465117\",\"tags\": \"angebot,bundle,eflora,gr\u00fcnpflanzen,hundefreundliche zimmerpflanzen,indoor,katzenfreundlich,katzenfreundliche zimmerpflanzen,limited-quantity,live plants,pflanzen,pflanzenset,pot-discount,set,tierfreundlich,ungiftige zimmerpflanzen,zimmerpflanzen f\u00fcr katzen,zimmerpflanzen ungiftig f\u00fcr hunde\",\"bulletPoints\": [\"Zimmerpflanzen-Set f\u00fcr Haushalte mit Katzen \\u0026 Hunden\",\"Pflegeleicht, dekorativ \\u0026 ungiftig f\u00fcr Vierbeiner\",\"Mit Calathea, Peperomia, Krokodilfarn \\u0026 mehr\"],\"variants\" : [ {\"sku\": \"IB-ANNL-0011\",\"available\": true, \"compareAtPriceString\": \"131,94 \u20ac\", \"priceString\": \"109,99 \u20ac\", \"compareAtPrice\": 131.94, \"price\": 109.99, \"sale\":true, \"percentage\":\"17%\", \"priceCurrency\" : \"EUR\", \"url\" : \"https://shop.plantura.garden/products/haustierfreundliche-zimmerpflanzen-6er-set?variant=44678621561098\",\"isSet\":true }], \"handle\" : \"haustierfreundliche-zimmerpflanzen-6er-set\"}, { \"name\": \"Haworthia \\u0026#39;West Jogoo\\u0026#39;\", \"unitPrice\" : \"\", \"compareAtPriceString\": \"\", \"priceString\": \"16,99 \u20ac\", \"compareAtPrice\": 0.0, \"price\": 16.99, \"sale\":false, \"percentage\":\"\", \"badge\": \"angebot\", \"url\": \"https://shop.plantura.garden/products/haworthia-west-jogoo\", \"available\": true, \"availabilityInfo\":\"\", \"campaignInfo\":\"zimmerpflanzen\",\"isSet\": false, \"priceLabel\": \"\", \"compareAtPriceLabel\": \"\",\"reviewsData\":{\"reviewCount\": 0, \"reviewAverageValue\": 0.0},\"image\": \"https://shop.plantura.garden/cdn/shop/files/plantura-haworthia-west-jogoo-kaufen_1476x.png?v=1693465848\",\"tags\": \"eflora,gr\u00fcnpflanzen,haworthia pentagona,indoor,kaktus,katzenfreundlich,limited-quantity,live plants,pflanzen,pflegeleicht,pot-discount,succulents,sukkulente\",\"bulletPoints\": [\"Kompakte Sukkulente mit dekorativen Blattrosetten\",\"Pflegeleicht \\u0026 trockenheitsvertr\u00e4glich \u2013 ideal f\u00fcr Einsteiger\",\"Haustierfreundlich: Ungiftige Zimmerpflanze\"],\"variants\" : [ {\"sku\": \"IP-HAWO-0060\",\"available\": true, \"compareAtPriceString\": \"\", \"priceString\": \"16,99 \u20ac\", \"compareAtPrice\": 0.0, \"price\": 16.99, \"sale\":false, \"percentage\":\"\", \"priceCurrency\" : \"EUR\", \"url\" : \"https://shop.plantura.garden/products/haworthia-west-jogoo?variant=44678633128202\",\"isSet\":false}], \"handle\" : \"haworthia-west-jogoo\"}, { \"name\": \"HB-Nematoden gegen Dickmaulr\u00fcssler \\u0026amp; Engerlinge\", \"unitPrice\" : \"\", \"compareAtPriceString\": \"18,99 \u20ac\", \"priceString\": \"13,29 \u20ac\", \"compareAtPrice\": 18.99, \"price\": 13.29, \"sale\":false, \"percentage\":\"30%\", \"badge\": \"angebot\", \"url\": \"https://shop.plantura.garden/products/hb-nematoden\", \"available\": true, \"availabilityInfo\":\"\", \"campaignInfo\":\"nuetzlinge\",\"isSet\": false, \"priceLabel\": \"\", \"compareAtPriceLabel\": \"\",\"reviewsData\":{\"reviewCount\": 317, \"reviewAverageValue\": 4.6},\"image\": \"https://shop.plantura.garden/cdn/shop/files/hb-nematoden-gegen-dickmaulruessler-plantura_1476x.png?v=1691053757\",\"tags\": \"angebot,category_n\u00fctzlinge-&-pflanzenschutz,clematis,dickmaulr\u00fcssler,Engerlinge & Erdraupen,fadenw\u00fcrmer,nemathoden,nematodes,n\u00fctzling,rasen,rhododendron,rose\",\"bulletPoints\": [\"Zuverl\u00e4ssig \\u0026 nat\u00fcrlich gegen Dickmaulr\u00fcsslerlarven \\u0026 Engerlinge\",\"Chemiefreie Bek\u00e4mpfung: Schonend f\u00fcr Pflanzen \\u0026 Boden\",\"Hergestellt in Deutschland - mit ausf\u00fchrlicher Anleitung zum Anwenden\"],\"variants\" : [ {\"sku\": \"W3-9U5N-A834\",\"available\": true, \"compareAtPriceString\": \"18,99 \u20ac\", \"priceString\": \"13,29 \u20ac\", \"compareAtPrice\": 18.99, \"price\": 13.29, \"sale\":true, \"percentage\":\"30%\", \"priceCurrency\" : \"EUR\", \"url\" : \"https://shop.plantura.garden/products/hb-nematoden?variant=39283027738712\",\"isSet\":false}, {\"sku\": \"E7-9U5N-A834\",\"available\": true, \"compareAtPriceString\": \"24,99 \u20ac\", \"priceString\": \"17,49 \u20ac\", \"compareAtPrice\": 24.99, \"price\": 17.49, \"sale\":true, \"percentage\":\"30%\", \"priceCurrency\" : \"EUR\", \"url\" : \"https://shop.plantura.garden/products/hb-nematoden?variant=39283027771480\",\"isSet\":false}, {\"sku\": \"A8-9U5N-A834\",\"available\": true, \"compareAtPriceString\": \"34,99 \u20ac\", \"priceString\": \"24,49 \u20ac\", \"compareAtPrice\": 34.99, \"price\": 24.49, \"sale\":true, \"percentage\":\"30%\", \"priceCurrency\" : \"EUR\", \"url\" : \"https://shop.plantura.garden/products/hb-nematoden?variant=39283027804248\",\"isSet\":false}, {\"sku\": \"HB-9U5N-A835\",\"available\": true, \"compareAtPriceString\": \"59,99 \u20ac\", \"priceString\": \"41,99 \u20ac\", \"compareAtPrice\": 59.99, \"price\": 41.99, \"sale\":true, \"percentage\":\"30%\", \"priceCurrency\" : \"EUR\", \"url\" : \"https://shop.plantura.garden/products/hb-nematoden?variant=44730208157962\",\"isSet\":false}, {\"sku\": \"HB-9U5N-A836\",\"available\": true, \"compareAtPriceString\": \"99,99 \u20ac\", \"priceString\": \"69,99 \u20ac\", \"compareAtPrice\": 99.99, \"price\": 69.99, \"sale\":true, \"percentage\":\"30%\", \"priceCurrency\" : \"EUR\", \"url\" : \"https://shop.plantura.garden/products/hb-nematoden?variant=44730208485642\",\"isSet\":false}], \"handle\" : \"hb-nematoden\"}, { \"name\": \"Heiliger Bambus \\u0026#39;Obsessed\\u0026#39; Wei\u00df\", \"unitPrice\" : \"\", \"compareAtPriceString\": \"\", \"priceString\": \"36,99 \u20ac\", \"compareAtPrice\": 0.0, \"price\": 36.99, \"sale\":false, \"percentage\":\"\", \"badge\": \"angebot\", \"url\": \"https://shop.plantura.garden/products/heiliger-bambus-obsessed-weiss\", \"available\": true, \"availabilityInfo\":\"\", \"campaignInfo\":\"pflanzen-draussen\",\"isSet\": false, \"priceLabel\": \"\", \"compareAtPriceLabel\": \"\",\"reviewsData\":{\"reviewCount\": 16, \"reviewAverageValue\": 4.9},\"image\": \"https://shop.plantura.garden/cdn/shop/files/heiliger-bambus-obsessed_1230x.png?v=1692798184\",\"tags\": \"balcony,deciduous shrubs,foliage,haevenly bamboo,himmelsbambus,jeddeloh,live plants,nandina domestica,outdoor,pflanzen,pot-discount\",\"bulletPoints\": [\"Dekoratives Laub mit Farbverlauf von Rot \u00fcber Gelb nach Gr\u00fcn\",\"Bienenfreundlicher Strauch mit kompaktem Wuchs \u2013 ideal f\u00fcr Topf \\u0026 Beet\",\"Steht gerne sonnig bis halbschattig auf n\u00e4hrstoffreichen, durchl\u00e4ssigen B\u00f6den\"],\"variants\" : [ {\"sku\": \"OP-NADO-0038\",\"available\": true, \"compareAtPriceString\": \"\", \"priceString\": \"36,99 \u20ac\", \"compareAtPrice\": 0.0, \"price\": 36.99, \"sale\":false, \"percentage\":\"\", \"priceCurrency\" : \"EUR\", \"url\" : \"https://shop.plantura.garden/products/heiliger-bambus-obsessed-weiss?variant=43655004225802\",\"isSet\":false}], \"handle\" : \"heiliger-bambus-obsessed-weiss\"}, { \"name\": \"Hibiskus \\u0026#39;Diana\\u0026#39; Wei\u00df\", \"unitPrice\" : \"\", \"compareAtPriceString\": \"\", \"priceString\": \"24,99 \u20ac\", \"compareAtPrice\": 0.0, \"price\": 24.99, \"sale\":false, \"percentage\":\"\", \"badge\": \"angebot\", \"url\": \"https://shop.plantura.garden/products/hibiskus-diana-weiss\", \"available\": false, \"availabilityInfo\":\"\", \"campaignInfo\":\"pflanzen-draussen\",\"isSet\": false, \"priceLabel\": \"\", \"compareAtPriceLabel\": \"\",\"reviewsData\":{\"reviewCount\": 2, \"reviewAverageValue\": 5.0},\"image\": \"https://shop.plantura.garden/cdn/shop/files/plantura-hibiskus-diana-kaufen_1476x.png?v=1692796833\",\"tags\": \"beefriendly,drought tolerant,festblume,flowering shrubs,garteneibisch,hibiscus,hibiscus syriacus,jeddeloh,live plants,outdoor,pflanzen,pot-discount,scharonbrose,sharonrose,straucheibisch,syrischer eibisch\",\"bulletPoints\": [\"Bienenfreundlicher Garteneibisch mit strahlend reinwei\u00dfen Bl\u00fcten\",\"Pflegeleichte \\u0026 langanhaltende Bl\u00fctenpracht f\u00fcr Beet oder Topf\",\"Liebt sonnige bis halbschattige Standorte auf humosem Boden\"],\"variants\" : [ {\"sku\": \"OP-HISY-0018\",\"available\": false, \"compareAtPriceString\": \"\", \"priceString\": \"24,99 \u20ac\", \"compareAtPrice\": 0.0, \"price\": 24.99, \"sale\":false, \"percentage\":\"\", \"priceCurrency\" : \"EUR\", \"url\" : \"https://shop.plantura.garden/products/hibiskus-diana-weiss?variant=43534123172106\",\"isSet\":false}], \"handle\" : \"hibiskus-diana-weiss\"}, { \"name\": \"Hibiskus \\u0026#39;Red Heart\\u0026#39; Wei\u00df-Rot\", \"unitPrice\" : \"\", \"compareAtPriceString\": \"\", \"priceString\": \"24,99 \u20ac\", \"compareAtPrice\": 0.0, \"price\": 24.99, \"sale\":false, \"percentage\":\"\", \"badge\": \"angebot\", \"url\": \"https://shop.plantura.garden/products/hibiskus-red-heart-weiss-rot\", \"available\": false, \"availabilityInfo\":\"\", \"campaignInfo\":\"pflanzen-draussen\",\"isSet\": false, \"priceLabel\": \"\", \"compareAtPriceLabel\": \"\",\"reviewsData\":{\"reviewCount\": 5, \"reviewAverageValue\": 4.8},\"image\": \"https://shop.plantura.garden/cdn/shop/files/plantura-hibiskus-red-heart-kaufen_1476x.png?v=1692796817\",\"tags\": \"beefriendly,drought tolerant,festblume,flowering shrubs,garteneibisch,hibiscus,hibiscus syriacus,jeddeloh,live plants,outdoor,pflanzen,pot-discount,scharonbrose,sharonrose,straucheibisch,syrischer eibisch\",\"bulletPoints\": [\"Bienenfreundliche, strahlend wei\u00dfe Bl\u00fcten mit rotem Herz in der Mitte\",\"Pflegeleichter Hibiskus f\u00fcr Topf oder Beet \u2013 auch f\u00fcr Einsteiger\",\"Steht gerne sonnig bis halbschattig auf humosem Boden\"],\"variants\" : [ {\"sku\": \"OP-HISY-0017\",\"available\": false, \"compareAtPriceString\": \"\", \"priceString\": \"24,99 \u20ac\", \"compareAtPrice\": 0.0, \"price\": 24.99, \"sale\":false, \"percentage\":\"\", \"priceCurrency\" : \"EUR\", \"url\" : \"https://shop.plantura.garden/products/hibiskus-red-heart-weiss-rot?variant=43534123073802\",\"isSet\":false}], \"handle\" : \"hibiskus-red-heart-weiss-rot\"}, { \"name\": \"Hibiskus \\u0026#39;Woodbridge\\u0026#39; Pink\", \"unitPrice\" : \"\", \"compareAtPriceString\": \"\", \"priceString\": \"24,99 \u20ac\", \"compareAtPrice\": 0.0, \"price\": 24.99, \"sale\":false, \"percentage\":\"\", \"badge\": \"angebot\", \"url\": \"https://shop.plantura.garden/products/hibiskus-woodbridge-pink\", \"available\": false, \"availabilityInfo\":\"\", \"campaignInfo\":\"pflanzen-draussen\",\"isSet\": false, \"priceLabel\": \"\", \"compareAtPriceLabel\": \"\",\"reviewsData\":{\"reviewCount\": 7, \"reviewAverageValue\": 5.0},\"image\": \"https://shop.plantura.garden/cdn/shop/files/plantura-hibiskus-woodbridge-kaufen_1476x.png?v=1692796846\",\"tags\": \"beefriendly,drought tolerant,festblume,flowering shrubs,garteneibisch,hibiscus,hibiscus syriacus,jeddeloh,live plants,outdoor,pflanzen,pot-discount,scharonbrose,sharonrose,straucheibisch,syrischer eibisch\",\"bulletPoints\": [\"Bienenfreundliche, pinke Bl\u00fctenpracht mit dunkelrotem Fleck in der Bl\u00fctenmitte\",\"Pflegeleicht \\u0026 winterhart \u2013 perfekt f\u00fcr Topf \\u0026 Beet\",\"Steht gerne sonnig bis halbschattig auf n\u00e4hrstoffreichem Boden\"],\"variants\" : [ {\"sku\": \"OP-HISY-0019\",\"available\": false, \"compareAtPriceString\": \"\", \"priceString\": \"24,99 \u20ac\", \"compareAtPrice\": 0.0, \"price\": 24.99, \"sale\":false, \"percentage\":\"\", \"priceCurrency\" : \"EUR\", \"url\" : \"https://shop.plantura.garden/products/hibiskus-woodbridge-pink?variant=43534123237642\",\"isSet\":false}], \"handle\" : \"hibiskus-woodbridge-pink\"}, { \"name\": \"Hibiskus Magical Islands\u00ae \\u0026#39;Hawaii\\u0026#39;\u00ae Lila-Rot\", \"unitPrice\" : \"\", \"compareAtPriceString\": \"\", \"priceString\": \"25,99 \u20ac\", \"compareAtPrice\": 0.0, \"price\": 25.99, \"sale\":false, \"percentage\":\"\", \"badge\": \"angebot\", \"url\": \"https://shop.plantura.garden/products/hibiskus-magical-islands-hawaii-lila-rot\", \"available\": false, \"availabilityInfo\":\"\", \"campaignInfo\":\"pflanzen-draussen\",\"isSet\": false, \"priceLabel\": \"\", \"compareAtPriceLabel\": \"\",\"reviewsData\":{\"reviewCount\": 9, \"reviewAverageValue\": 4.6},\"image\": \"https://shop.plantura.garden/cdn/shop/files/plantura-hibiskus-magical-islands-hawaii-kaufen_1476x.png?v=1692796859\",\"tags\": \"beefriendly,drought tolerant,festblume,flowering shrubs,garteneibisch,hibiscus,hibiscus syriacus,jeddeloh,live plants,outdoor,pflanzen,pot-discount,scharonbrose,sharonrose,straucheibisch,syrischer eibisch\",\"bulletPoints\": [\"Wundersch\u00f6ne lila-rote Bl\u00fcten, die zahlreiche Bienen anziehen\",\"Winterhart \\u0026 pflegeleicht im Beet oder Topf\",\"Perfekt f\u00fcr sonnige bis halbschattige Standorte\"],\"variants\" : [ {\"sku\": \"OP-HISY-0020\",\"available\": false, \"compareAtPriceString\": \"\", \"priceString\": \"25,99 \u20ac\", \"compareAtPrice\": 0.0, \"price\": 25.99, \"sale\":false, \"percentage\":\"\", \"priceCurrency\" : \"EUR\", \"url\" : \"https://shop.plantura.garden/products/hibiskus-magical-islands-hawaii-lila-rot?variant=43534123303178\",\"isSet\":false}], \"handle\" : \"hibiskus-magical-islands-hawaii-lila-rot\"}, { \"name\": \"Hibiskus Proven Winners\u00ae \\u0026#39;Azurri\\u0026#39;\u00ae Lila\", \"unitPrice\" : \"\", \"compareAtPriceString\": \"\", \"priceString\": \"25,99 \u20ac\", \"compareAtPrice\": 0.0, \"price\": 25.99, \"sale\":false, \"percentage\":\"\", \"badge\": \"angebot\", \"url\": \"https://shop.plantura.garden/products/hibiskus-proven-winners-azurri-lila\", \"available\": false, \"availabilityInfo\":\"\", \"campaignInfo\":\"pflanzen-draussen\",\"isSet\": false, \"priceLabel\": \"\", \"compareAtPriceLabel\": \"\",\"reviewsData\":{\"reviewCount\": 2, \"reviewAverageValue\": 5.0},\"image\": \"https://shop.plantura.garden/cdn/shop/files/plantura-hibiskus-proven-winners-azurri-kaufen_1476x.png?v=1691769420\",\"tags\": \"beefriendly,drought tolerant,festblume,flowering shrubs,garteneibisch,hibiscus,hibiscus syriacus,jeddeloh,live plants,outdoor,pflanzen,pot-discount,scharonbrose,sharonrose,straucheibisch,syrischer eibisch\",\"bulletPoints\": [\"Langanhaltende lila Bl\u00fctenpracht, die viele Insekten anzieht\",\"Winterharter \\u0026 pflegeleichter Garteneibisch \u2013 auch f\u00fcr Anf\u00e4nger\",\"Perfekt f\u00fcr sonnige bis halbschattige Standorte im Topf oder Beet\"],\"variants\" : [ {\"sku\": \"OP-HISY-0021\",\"available\": false, \"compareAtPriceString\": \"\", \"priceString\": \"25,99 \u20ac\", \"compareAtPrice\": 0.0, \"price\": 25.99, \"sale\":false, \"percentage\":\"\", \"priceCurrency\" : \"EUR\", \"url\" : \"https://shop.plantura.garden/products/hibiskus-proven-winners-azurri-lila?variant=43534123335946\",\"isSet\":false}, {\"sku\": \"OP-HISY-0056\",\"available\": false, \"compareAtPriceString\": \"\", \"priceString\": \"79,99 \u20ac\", \"compareAtPrice\": 0.0, \"price\": 79.99, \"sale\":false, \"percentage\":\"\", \"priceCurrency\" : \"EUR\", \"url\" : \"https://shop.plantura.garden/products/hibiskus-proven-winners-azurri-lila?variant=44603024933130\",\"isSet\":false}], \"handle\" : \"hibiskus-proven-winners-azurri-lila\"}, { \"name\": \"Himbeere Brazelberry\u00ae \\u0026#39;Raspberry Shortcake\\u0026#39;\u00ae\", \"unitPrice\" : \"\", \"compareAtPriceString\": \"\", \"priceString\": \"29,99 \u20ac\", \"compareAtPrice\": 0.0, \"price\": 29.99, \"sale\":false, \"percentage\":\"\", \"badge\": \"angebot\", \"url\": \"https://shop.plantura.garden/products/himbeere-brazelberry-raspberry-shortcake\", \"available\": false, \"availabilityInfo\":\"Verf\u00fcgbar ab Fr\u00fchjahr 2024\", \"campaignInfo\":\"pflanzen-draussen\",\"isSet\": false, \"priceLabel\": \"\", \"compareAtPriceLabel\": \"\",\"reviewsData\":{\"reviewCount\": 140, \"reviewAverageValue\": 4.8},\"image\": \"https://shop.plantura.garden/cdn/shop/files/plantura-himbeere-brazelberry-raspberry-shortcake-kaufen_1476x.png?v=1691766642\",\"tags\": \"balcony,beefriendly,beeren,beerenobst,beerenstr\u00e4ucher,brazel berry,brazelton,brazeltonberry,fruit,jeddeloh,live plants,muttertag,outdoor,pflanzen,pot-discount,raspberry,rubus idaeus,stachellose himbeeren,topfhimbeere\",\"bulletPoints\": [\"Dornenfreie Himbeere mit zahlreichen gro\u00dfen Fr\u00fcchten\",\"Kompakter Wuchs ohne Rankhilfe \u2013 ideal f\u00fcr Topf \\u0026 Beet\",\"Liebt sonnige bis halbschattige Standorte mit humosem Boden\"],\"variants\" : [ {\"sku\": \"OP-RUID-0016\",\"available\": false, \"compareAtPriceString\": \"\", \"priceString\": \"29,99 \u20ac\", \"compareAtPrice\": 0.0, \"price\": 29.99, \"sale\":false, \"percentage\":\"\", \"priceCurrency\" : \"EUR\", \"url\" : \"https://shop.plantura.garden/products/himbeere-brazelberry-raspberry-shortcake?variant=43534125072650\",\"isSet\":false}], \"handle\" : \"himbeere-brazelberry-raspberry-shortcake\"}, { \"name\": \"Hinoki-Scheinzypresse Botanico\u00ae \\u0026#39;Chirimen\\u0026#39;\", \"unitPrice\" : \"\", \"compareAtPriceString\": \"\", \"priceString\": \"24,99 \u20ac\", \"compareAtPrice\": 0.0, \"price\": 24.99, \"sale\":false, \"percentage\":\"\", \"badge\": \"angebot\", \"url\": \"https://shop.plantura.garden/products/hinoki-scheinzypresse-botanico-chirimen\", \"available\": true, \"availabilityInfo\":\"\", \"campaignInfo\":\"pflanzen-draussen\",\"isSet\": false, \"priceLabel\": \"\", \"compareAtPriceLabel\": \"\",\"reviewsData\":{\"reviewCount\": 3, \"reviewAverageValue\": 5.0},\"image\": \"https://shop.plantura.garden/cdn/shop/files/hinoki-scheinzypresse-chirimen_1299x.png?v=1691763288\",\"tags\": \"asia,balcony,chamaecyparis,chamaecyparis obtusa,christbaum,conifer,jeddeloh,live plants,outdoor,pflanzen,pot-discount,scheinzypresse,weihnachtsbaum,zypresse\",\"bulletPoints\": [\"Dekorative Zwergform mit au\u00dfergew\u00f6hnlichem Wuchs \\u0026 dunkelgr\u00fcnen Nadeln\",\"Immergr\u00fcne, kompakte Konifere \u2013 perfekt f\u00fcr den K\u00fcbel geeignet\",\"Lieferung einer bereits mehrere Jahre alten, kr\u00e4ftigen Pflanze aus Topfkultur\"],\"variants\" : [ {\"sku\": \"OP-CHOB-0090\",\"available\": true, \"compareAtPriceString\": \"\", \"priceString\": \"24,99 \u20ac\", \"compareAtPrice\": 0.0, \"price\": 24.99, \"sale\":false, \"percentage\":\"\", \"priceCurrency\" : \"EUR\", \"url\" : \"https://shop.plantura.garden/products/hinoki-scheinzypresse-botanico-chirimen?variant=43813277139210\",\"isSet\":false}, {\"sku\": \"OP-CHOB-0091\",\"available\": false, \"compareAtPriceString\": \"\", \"priceString\": \"29,99 \u20ac\", \"compareAtPrice\": 0.0, \"price\": 29.99, \"sale\":false, \"percentage\":\"\", \"priceCurrency\" : \"EUR\", \"url\" : \"https://shop.plantura.garden/products/hinoki-scheinzypresse-botanico-chirimen?variant=44329055158538\",\"isSet\":false}], \"handle\" : \"hinoki-scheinzypresse-botanico-chirimen\"}, { \"name\": \"Hochbeet-Set inklusive Erde\", \"unitPrice\" : \"\", \"compareAtPriceString\": \"\", \"priceString\": \"749,99 \u20ac\", \"compareAtPrice\": 0.0, \"price\": 749.99, \"sale\":false, \"percentage\":\"\", \"badge\": \"angebot\", \"url\": \"https://shop.plantura.garden/products/hochbeet-set-inklusive-erde\", \"available\": true, \"availabilityInfo\":\"\", \"campaignInfo\":\"sparset-mix\",\"isSet\": false, \"priceLabel\": \"\", \"compareAtPriceLabel\": \"\",\"reviewsData\":{\"reviewCount\": 1, \"reviewAverageValue\": 5.0},\"image\": \"https://shop.plantura.garden/cdn/shop/products/hochbeet-set-mit-erden_700x.jpg?v=1632468208\",\"tags\": \"category_erde,grow herbs,grow vegetables\",\"bulletPoints\": [\"Komplettes Hochbeet-Set bestehend aus Hochbeet und 3-Schicht-F\u00fcllung\",\"Inklusive 3 x Plantura Bio-Pinienrinde 60 L, 4 x Plantura Bio-Komposterde 40 L \\u0026 5 x Plantura Bio-Tomaten- \\u0026 Gem\u00fcseerde 40 L\",\"Hochwertiges Hochbeet aus unbehandeltem Fichtenholz mit Palettenboden\"],\"variants\" : [ {\"sku\": \"HB-KR4G-83FR-1\",\"available\": true, \"compareAtPriceString\": \"\", \"priceString\": \"749,99 \u20ac\", \"compareAtPrice\": 0.0, \"price\": 749.99, \"sale\":false, \"percentage\":\"\", \"priceCurrency\" : \"EUR\", \"url\" : \"https://shop.plantura.garden/products/hochbeet-set-inklusive-erde?variant=39617974763608\",\"isSet\":false}], \"handle\" : \"hochbeet-set-inklusive-erde\"}, { \"name\": \"Hortensie Endless Summer\u00ae \\u0026#39;Summer Love\\u0026#39; Lila\", \"unitPrice\" : \"\", \"compareAtPriceString\": \"\", \"priceString\": \"32,99 \u20ac\", \"compareAtPrice\": 0.0, \"price\": 32.99, \"sale\":false, \"percentage\":\"\", \"badge\": \"angebot\", \"url\": \"https://shop.plantura.garden/products/hortensie-endless-summer-summer-love-lila\", \"available\": false, \"availabilityInfo\":\"Verf\u00fcgbar ab Fr\u00fchjahr 2024\", \"campaignInfo\":\"pflanzen-draussen\",\"isSet\": false, \"priceLabel\": \"\", \"compareAtPriceLabel\": \"\",\"reviewsData\":{\"reviewCount\": 20, \"reviewAverageValue\": 4.6},\"image\": \"https://shop.plantura.garden/cdn/shop/files/plantura-hortensie-endless-summer-summer-love-lila-kaufen_1476x.png?v=1692796884\",\"tags\": \"balcony,ballhortensien,bauernhortensien,flowering shrubs,gartenhortensien,hydrangea,hydrangea macrophylla,jeddeloh,live plants,muttertag,outdoor,pflanzen,pot-discount,tellerhortensien\",\"bulletPoints\": [\"Lila Bl\u00fctenpracht mit extra langer Bl\u00fctezeit von Mai bis November\",\"W\u00e4chst buschig und kompakt \u2013 ideal f\u00fcr Beet \\u0026 Topf\",\"Steht gerne sonnig bis halbschattig auf humosem Boden\"],\"variants\" : [ {\"sku\": \"OP-HYMA-0007\",\"available\": false, \"compareAtPriceString\": \"\", \"priceString\": \"32,99 \u20ac\", \"compareAtPrice\": 0.0, \"price\": 32.99, \"sale\":false, \"percentage\":\"\", \"priceCurrency\" : \"EUR\", \"url\" : \"https://shop.plantura.garden/products/hortensie-endless-summer-summer-love-lila?variant=43534124777738\",\"isSet\":false}], \"handle\" : \"hortensie-endless-summer-summer-love-lila\"}, { \"name\": \"Hortensie Endless Summer\u00ae \\u0026#39;Summer Love\\u0026#39; Rot\", \"unitPrice\" : \"\", \"compareAtPriceString\": \"\", \"priceString\": \"32,99 \u20ac\", \"compareAtPrice\": 0.0, \"price\": 32.99, \"sale\":false, \"percentage\":\"\", \"badge\": \"angebot\", \"url\": \"https://shop.plantura.garden/products/hortensie-endless-summer-summer-love-rot\", \"available\": false, \"availabilityInfo\":\"Verf\u00fcgbar ab Fr\u00fchjahr 2024\", \"campaignInfo\":\"pflanzen-draussen\",\"isSet\": false, \"priceLabel\": \"\", \"compareAtPriceLabel\": \"\",\"reviewsData\":{\"reviewCount\": 7, \"reviewAverageValue\": 4.9},\"image\": \"https://shop.plantura.garden/cdn/shop/files/plantura-hortensie-endless-summer-summer-love-rot-kaufen_1476x.png?v=1691764041\",\"tags\": \"balcony,ballhortensien,bauernhortensien,flowering shrubs,gartenhortensien,hydrangea,hydrangea macrophylla,jeddeloh,live plants,muttertag,outdoor,pflanzen,pot-discount,tellerhortensien\",\"bulletPoints\": [\"Himbeerroter Dauerbl\u00fcher mit gro\u00dfen, ballf\u00f6rmigen Bl\u00fcten\",\"Kompakter, buschiger Wuchs \u2013 perfekt f\u00fcr Topf \\u0026 Beet\",\"Liebt sonnige bis halbschattige Standorte mit humosem Boden\"],\"variants\" : [ {\"sku\": \"OP-HYMA-0006\",\"available\": false, \"compareAtPriceString\": \"\", \"priceString\": \"32,99 \u20ac\", \"compareAtPrice\": 0.0, \"price\": 32.99, \"sale\":false, \"percentage\":\"\", \"priceCurrency\" : \"EUR\", \"url\" : \"https://shop.plantura.garden/products/hortensie-endless-summer-summer-love-rot?variant=43534124744970\",\"isSet\":false}, {\"sku\": \"OP-HYMA-0430\",\"available\": false, \"compareAtPriceString\": \"\", \"priceString\": \"69,99 \u20ac\", \"compareAtPrice\": 0.0, \"price\": 69.99, \"sale\":false, \"percentage\":\"\", \"priceCurrency\" : \"EUR\", \"url\" : \"https://shop.plantura.garden/products/hortensie-endless-summer-summer-love-rot?variant=44498342347018\",\"isSet\":false}], \"handle\" : \"hortensie-endless-summer-summer-love-rot\"}, { \"name\": \"Hortensie Endless Summer\u00ae \\u0026#39;The Bride\\u0026#39; Wei\u00df\", \"unitPrice\" : \"\", \"compareAtPriceString\": \"\", \"priceString\": \"32,99 \u20ac\", \"compareAtPrice\": 0.0, \"price\": 32.99, \"sale\":false, \"percentage\":\"\", \"badge\": \"angebot\", \"url\": \"https://shop.plantura.garden/products/hortensie-endless-summer-the-bride-weiss\", \"available\": false, \"availabilityInfo\":\"\", \"campaignInfo\":\"pflanzen-draussen\",\"isSet\": false, \"priceLabel\": \"\", \"compareAtPriceLabel\": \"\",\"reviewsData\":{\"reviewCount\": 4, \"reviewAverageValue\": 4.8},\"image\": \"https://shop.plantura.garden/cdn/shop/files/plantura-hortensie-endless-summer-the-bride-kaufen_1476x.png?v=1691763984\",\"tags\": \"balcony,ballhortensien,bauernhortensien,flowering shrubs,gartenhortensien,hydrangea,hydrangea macrophylla,jeddeloh,live plants,muttertag,outdoor,pflanzen,pot-discount,tellerhortensien\",\"bulletPoints\": [\"Echtes Bl\u00fctenwunder mit strahlend wei\u00dfer Pracht von Mai bis November\",\"Pflegeleichte Garten- oder Topfpflanze \u2013 auch f\u00fcr Anf\u00e4nger\",\"Steht gerne sonnig bis halbschattig auf n\u00e4hrstoffreichem Boden\"],\"variants\" : [ {\"sku\": \"OP-HYMA-0003\",\"available\": false, \"compareAtPriceString\": \"\", \"priceString\": \"32,99 \u20ac\", \"compareAtPrice\": 0.0, \"price\": 32.99, \"sale\":false, \"percentage\":\"\", \"priceCurrency\" : \"EUR\", \"url\" : \"https://shop.plantura.garden/products/hortensie-endless-summer-the-bride-weiss?variant=43534123499786\",\"isSet\":false}, {\"sku\": \"OP-HYMA-0431\",\"available\": false, \"compareAtPriceString\": \"\", \"priceString\": \"69,99 \u20ac\", \"compareAtPrice\": 0.0, \"price\": 69.99, \"sale\":false, \"percentage\":\"\", \"priceCurrency\" : \"EUR\", \"url\" : \"https://shop.plantura.garden/products/hortensie-endless-summer-the-bride-weiss?variant=44498340970762\",\"isSet\":false}], \"handle\" : \"hortensie-endless-summer-the-bride-weiss\"}, { \"name\": \"Hortensie Endless Summer\u00ae \\u0026#39;The Original\\u0026#39; Blau\", \"unitPrice\" : \"\", \"compareAtPriceString\": \"\", \"priceString\": \"32,99 \u20ac\", \"compareAtPrice\": 0.0, \"price\": 32.99, \"sale\":false, \"percentage\":\"\", \"badge\": \"angebot\", \"url\": \"https://shop.plantura.garden/products/hortensie-endless-summer-the-original-blau\", \"available\": false, \"availabilityInfo\":\"Verf\u00fcgbar ab Fr\u00fchjahr 2024\", \"campaignInfo\":\"pflanzen-draussen\",\"isSet\": false, \"priceLabel\": \"\", \"compareAtPriceLabel\": \"\",\"reviewsData\":{\"reviewCount\": 10, \"reviewAverageValue\": 4.6},\"image\": \"https://shop.plantura.garden/cdn/shop/files/plantura-hortensie-endless-summer-the-original-blau-kaufen_1476x.png?v=1691764021\",\"tags\": \"balcony,ballhortensien,bauernhortensien,flowering shrubs,gartenhortensien,hydrangea,hydrangea macrophylla,jeddeloh,live plants,muttertag,outdoor,pflanzen,pot-discount,tellerhortensien\",\"bulletPoints\": [\"Pr\u00e4chtiges, blaues Bl\u00fctenmeer von Mai bis in den November\",\"Pflegeleicht im Beet oder Topf \u2013 auch ideal f\u00fcr Einsteiger\",\"Perfekt f\u00fcr sonnige bis halbschattige Standorte mit saurem Boden\"],\"variants\" : [ {\"sku\": \"OP-HYMA-0005\",\"available\": false, \"compareAtPriceString\": \"\", \"priceString\": \"32,99 \u20ac\", \"compareAtPrice\": 0.0, \"price\": 32.99, \"sale\":false, \"percentage\":\"\", \"priceCurrency\" : \"EUR\", \"url\" : \"https://shop.plantura.garden/products/hortensie-endless-summer-the-original-blau?variant=43534124679434\",\"isSet\":false}, {\"sku\": \"OP-HYMA-0432\",\"available\": false, \"compareAtPriceString\": \"\", \"priceString\": \"69,99 \u20ac\", \"compareAtPrice\": 0.0, \"price\": 69.99, \"sale\":false, \"percentage\":\"\", \"priceCurrency\" : \"EUR\", \"url\" : \"https://shop.plantura.garden/products/hortensie-endless-summer-the-original-blau?variant=44498341789962\",\"isSet\":false}], \"handle\" : \"hortensie-endless-summer-the-original-blau\"}, { \"name\": \"Hortensie Endless Summer\u00ae \\u0026#39;The Original\\u0026#39; Rosa\", \"unitPrice\" : \"\", \"compareAtPriceString\": \"\", \"priceString\": \"32,99 \u20ac\", \"compareAtPrice\": 0.0, \"price\": 32.99, \"sale\":false, \"percentage\":\"\", \"badge\": \"angebot\", \"url\": \"https://shop.plantura.garden/products/hortensie-endless-summer-the-original-rosa\", \"available\": false, \"availabilityInfo\":\"Verf\u00fcgbar ab Fr\u00fchjahr 2024\", \"campaignInfo\":\"pflanzen-draussen\",\"isSet\": false, \"priceLabel\": \"\", \"compareAtPriceLabel\": \"\",\"reviewsData\":{\"reviewCount\": 6, \"reviewAverageValue\": 4.8},\"image\": \"https://shop.plantura.garden/cdn/shop/files/plantura-hortensie-endless-summer-the-original-rosa-kaufen_1476x.png?v=1691764002\",\"tags\": \"balcony,ballhortensien,bauernhortensien,flowering shrubs,gartenhortensien,hydrangea,hydrangea macrophylla,jeddeloh,live plants,muttertag,outdoor,pflanzen,pot-discount,tellerhortensien\",\"bulletPoints\": [\"Langanhaltendes rosa Bl\u00fctenmeer von Mai bis in den November\",\"Pflegeleichte Garten- oder Topfpflanze \u2013 auch f\u00fcr Einsteiger\",\"Liebt sonnige bis halbschattige Standorte mit n\u00e4hrstoffreichem Boden\"],\"variants\" : [ {\"sku\": \"OP-HYMA-0004\",\"available\": false, \"compareAtPriceString\": \"\", \"priceString\": \"32,99 \u20ac\", \"compareAtPrice\": 0.0, \"price\": 32.99, \"sale\":false, \"percentage\":\"\", \"priceCurrency\" : \"EUR\", \"url\" : \"https://shop.plantura.garden/products/hortensie-endless-summer-the-original-rosa?variant=43534123630858\",\"isSet\":false}, {\"sku\": \"OP-HYMA-0433\",\"available\": false, \"compareAtPriceString\": \"\", \"priceString\": \"69,99 \u20ac\", \"compareAtPrice\": 0.0, \"price\": 69.99, \"sale\":false, \"percentage\":\"\", \"priceCurrency\" : \"EUR\", \"url\" : \"https://shop.plantura.garden/products/hortensie-endless-summer-the-original-rosa?variant=44498341167370\",\"isSet\":false}], \"handle\" : \"hortensie-endless-summer-the-original-rosa\"}, { \"name\": \"Immergr\u00fcnes Gei\u00dfblatt Gelb-Rot\", \"unitPrice\" : \"\", \"compareAtPriceString\": \"\", \"priceString\": \"32,99 \u20ac\", \"compareAtPrice\": 0.0, \"price\": 32.99, \"sale\":false, \"percentage\":\"\", \"badge\": \"angebot\", \"url\": \"https://shop.plantura.garden/products/immergruenes-geissblatt-gelb-rot\", \"available\": true, \"availabilityInfo\":\"\", \"campaignInfo\":\"pflanzen-draussen\",\"isSet\": false, \"priceLabel\": \"\", \"compareAtPriceLabel\": \"\",\"reviewsData\":{\"reviewCount\": 1, \"reviewAverageValue\": 5.0},\"image\": \"https://shop.plantura.garden/cdn/shop/files/immergruenes-geissblatt-kaufen_1476x.png?v=1692797272\",\"tags\": \"beefriendly,birdfriendly,climbing plant,evergreen,flowering shrubs,geissblatt,geissschlinge,kletterpflanze,kletterpflanzen,live plants,lonicera,lonicera henryi,outdoor,pflanzen,pot-discount,reiners\",\"bulletPoints\": [\"Beliebte Kletterpflanze \u2013 immergr\u00fcner Sichtschutz\\n\",\"Wundersch\u00f6ne, gelblich-rote Bl\u00fcten mit dezentem Duft\",\"Wertvolles Insekten- \\u0026 Vogeln\u00e4hrgeh\u00f6lz \u2013 auch in der Stadt\"],\"variants\" : [ {\"sku\": \"OP-LOHE-0466\",\"available\": true, \"compareAtPriceString\": \"\", \"priceString\": \"32,99 \u20ac\", \"compareAtPrice\": 0.0, \"price\": 32.99, \"sale\":false, \"percentage\":\"\", \"priceCurrency\" : \"EUR\", \"url\" : \"https://shop.plantura.garden/products/immergruenes-geissblatt-gelb-rot?variant=44601858031882\",\"isSet\":false}], \"handle\" : \"immergruenes-geissblatt-gelb-rot\"}, { \"name\": \"Irischer Efeu\", \"unitPrice\" : \"\", \"compareAtPriceString\": \"\", \"priceString\": \"29,99 \u20ac\", \"compareAtPrice\": 0.0, \"price\": 29.99, \"sale\":false, \"percentage\":\"\", \"badge\": \"angebot\", \"url\": \"https://shop.plantura.garden/products/irischer-efeu\", \"available\": true, \"availabilityInfo\":\"\", \"campaignInfo\":\"pflanzen-draussen\",\"isSet\": false, \"priceLabel\": \"\", \"compareAtPriceLabel\": \"\",\"reviewsData\":{\"reviewCount\": 1, \"reviewAverageValue\": 5.0},\"image\": \"https://shop.plantura.garden/cdn/shop/files/irischer-efeu-kaufen_1476x.png?v=1692796799\",\"tags\": \"beefriendly,birdfriendly,climbing plant,drought tolerant,evergreen,grossbl\u00e4ttriger irischer efeu,hedera helix hibernica,hedera hibernica,ivy,kletterpflanze,kletterpflanzen,live plants,outdoor,pflanzen,pot-discount,reiners\",\"bulletPoints\": [\"Immergr\u00fcne \\u0026 selbstklimmende Kletterpflanze\\n\",\"Ideal als Sichtschutz, zur Fassadenbegr\u00fcnung oder als Bodendecker\\n\",\"Anspruchslos \\u0026 robust \u2013 wertvolles Bienenfutter\\n\"],\"variants\" : [ {\"sku\": \"OP-HEHE-0463\",\"available\": true, \"compareAtPriceString\": \"\", \"priceString\": \"29,99 \u20ac\", \"compareAtPrice\": 0.0, \"price\": 29.99, \"sale\":false, \"percentage\":\"\", \"priceCurrency\" : \"EUR\", \"url\" : \"https://shop.plantura.garden/products/irischer-efeu?variant=44601857442058\",\"isSet\":false}], \"handle\" : \"irischer-efeu\"}, { \"name\": \"Japanische Harlekinweide \\u0026#39;Hakuro Nishiki\\u0026#39;\", \"unitPrice\" : \"\", \"compareAtPriceString\": \"\", \"priceString\": \"24,99 \u20ac\", \"compareAtPrice\": 0.0, \"price\": 24.99, \"sale\":false, \"percentage\":\"\", \"badge\": \"angebot\", \"url\": \"https://shop.plantura.garden/products/japanische-harlekinweide-hakuro-nishiki\", \"available\": true, \"availabilityInfo\":\"\", \"campaignInfo\":\"pflanzen-draussen\",\"isSet\": false, \"priceLabel\": \"\", \"compareAtPriceLabel\": \"\",\"reviewsData\":{\"reviewCount\": 1, \"reviewAverageValue\": 4.0},\"image\": \"https://shop.plantura.garden/cdn/shop/files/japanische-harlekinweide-hakuro-nishiki-kaufen_1309x.png?v=1692799231\",\"tags\": \"asia,beefriendly,deciduous shrubs,foliage,jeddeloh,live plants,outdoor,pflanzen,pot-discount,salix integra,weide,willow,zierweide\",\"bulletPoints\": [\"Farbenfrohe Zierweide mit bienenfreundlichen Bl\u00fcten-K\u00e4tzchen\",\"Sch\u00f6ner Farbwechsel: Panaschiertes Laub in Rosa bis Gr\u00fcn-Wei\u00df\",\"Buschig-kompakte Wuchsform: Ideal f\u00fcr Topf \\u0026 Beet\\n\"],\"variants\" : [ {\"sku\": \"OP-SAIN-0160\",\"available\": true, \"compareAtPriceString\": \"\", \"priceString\": \"24,99 \u20ac\", \"compareAtPrice\": 0.0, \"price\": 24.99, \"sale\":false, \"percentage\":\"\", \"priceCurrency\" : \"EUR\", \"url\" : \"https://shop.plantura.garden/products/japanische-harlekinweide-hakuro-nishiki?variant=44327881801994\",\"isSet\":false}, {\"sku\": \"OP-SAIN-0161\",\"available\": false, \"compareAtPriceString\": \"\", \"priceString\": \"29,99 \u20ac\", \"compareAtPrice\": 0.0, \"price\": 29.99, \"sale\":false, \"percentage\":\"\", \"priceCurrency\" : \"EUR\", \"url\" : \"https://shop.plantura.garden/products/japanische-harlekinweide-hakuro-nishiki?variant=44327881834762\",\"isSet\":false}, {\"sku\": \"OP-SAIN-0159\",\"available\": true, \"compareAtPriceString\": \"\", \"priceString\": \"69,99 \u20ac\", \"compareAtPrice\": 0.0, \"price\": 69.99, \"sale\":false, \"percentage\":\"\", \"priceCurrency\" : \"EUR\", \"url\" : \"https://shop.plantura.garden/products/japanische-harlekinweide-hakuro-nishiki?variant=44327881867530\",\"isSet\":false}], \"handle\" : \"japanische-harlekinweide-hakuro-nishiki\"}, { \"name\": \"Japanische Nelken-Kirsche \\u0026#39;Kanzan\\u0026#39;\", \"unitPrice\" : \"\", \"compareAtPriceString\": \"\", \"priceString\": \"59,99 \u20ac\", \"compareAtPrice\": 0.0, \"price\": 59.99, \"sale\":false, \"percentage\":\"\", \"badge\": \"angebot\", \"url\": \"https://shop.plantura.garden/products/japanische-nelken-kirsche-kanzan\", \"available\": true, \"availabilityInfo\":\"\", \"campaignInfo\":\"pflanzen-draussen\",\"isSet\": false, \"priceLabel\": \"\", \"compareAtPriceLabel\": \"\",\"reviewsData\":{\"reviewCount\": 12, \"reviewAverageValue\": 4.7},\"image\": \"https://shop.plantura.garden/cdn/shop/files/japanische-nelkenkirsche-kanzan-kaufen_1476x.png?v=1692798661\",\"tags\": \"asia,beefriendly,bl\u00fctenkirsche,cherry blossom,deciduous shrubs,flowering shrubs,jeddeloh,kanzan kirsche,live plants,nelkenkirsche,outdoor,pflanzen,pot-discount,prunus,prunus serrulata,spring bloomer,zierkirsche\",\"bulletPoints\": [\"\u00dcppige F\u00fclle an gro\u00dfen, gef\u00fcllten Bl\u00fcten in einem lieblichen Rosa\",\"Mehrst\u00e4mmig mit ausladender Krone \u2013 ideal als einzelner Blickfang\\n\",\"Wundersch\u00f6ne Herbstf\u00e4rbung in flammendem Gelb-Orange\\n\"],\"variants\" : [ {\"sku\": \"OP-PRSE-0157\",\"available\": false, \"compareAtPriceString\": \"\", \"priceString\": \"36,99 \u20ac\", \"compareAtPrice\": 0.0, \"price\": 36.99, \"sale\":false, \"percentage\":\"\", \"priceCurrency\" : \"EUR\", \"url\" : \"https://shop.plantura.garden/products/japanische-nelken-kirsche-kanzan?variant=44327876395274\",\"isSet\":false}, {\"sku\": \"OP-PRSE-0156\",\"available\": true, \"compareAtPriceString\": \"\", \"priceString\": \"59,99 \u20ac\", \"compareAtPrice\": 0.0, \"price\": 59.99, \"sale\":false, \"percentage\":\"\", \"priceCurrency\" : \"EUR\", \"url\" : \"https://shop.plantura.garden/products/japanische-nelken-kirsche-kanzan?variant=44327876428042\",\"isSet\":false}], \"handle\" : \"japanische-nelken-kirsche-kanzan\"}, { \"name\": \"Japanische S\u00e4ulenkirsche \\u0026#39;Amanogawa\\u0026#39;\", \"unitPrice\" : \"\", \"compareAtPriceString\": \"\", \"priceString\": \"32,99 \u20ac\", \"compareAtPrice\": 0.0, \"price\": 32.99, \"sale\":false, \"percentage\":\"\", \"badge\": \"angebot\", \"url\": \"https://shop.plantura.garden/products/japanische-saeulenkirsche-amanogawa\", \"available\": true, \"availabilityInfo\":\"\", \"campaignInfo\":\"pflanzen-draussen\",\"isSet\": false, \"priceLabel\": \"\", \"compareAtPriceLabel\": \"\",\"reviewsData\":{\"reviewCount\": 0, \"reviewAverageValue\": 0.0},\"image\": \"https://shop.plantura.garden/cdn/shop/files/japanische-saeulenkirsche-amanogawa-kaufen_1476x.png?v=1692798640\",\"tags\": \"amanogawa kirsche,asia,beefriendly,birdfriendly,bl\u00fctenkirsche,cherry blossom,deciduous shrubs,flowering shrubs,jeddeloh,live plants,outdoor,pflanzen,pot-discount,prunus,prunus serrulata,spring bloomer,s\u00e4ulen zierkirsche,zierkirsche\",\"bulletPoints\": [\"Bienenfreundliche, hellrosa Bl\u00fcten mit herrlichem Duft von April bis Mai\",\"Aufrechter \\u0026 s\u00e4ulenf\u00f6rmiger Wuchs \u2013 optimal f\u00fcr schmale \\u0026 kleine G\u00e4rten\",\"Pflegeleichtes Ziergeh\u00f6lz mit leuchtend gelb-oranger Herbstf\u00e4rbung\"],\"variants\" : [ {\"sku\": \"OP-PRSE-0155\",\"available\": true, \"compareAtPriceString\": \"\", \"priceString\": \"32,99 \u20ac\", \"compareAtPrice\": 0.0, \"price\": 32.99, \"sale\":false, \"percentage\":\"\", \"priceCurrency\" : \"EUR\", \"url\" : \"https://shop.plantura.garden/products/japanische-saeulenkirsche-amanogawa?variant=44327876100362\",\"isSet\":false}], \"handle\" : \"japanische-saeulenkirsche-amanogawa\"}, { \"name\": \"Japanischer F\u00e4cher-Ahorn \\u0026#39;Orange Dream\\u0026#39;\", \"unitPrice\" : \"\", \"compareAtPriceString\": \"\", \"priceString\": \"36,99 \u20ac\", \"compareAtPrice\": 0.0, \"price\": 36.99, \"sale\":false, \"percentage\":\"\", \"badge\": \"angebot\", \"url\": \"https://shop.plantura.garden/products/japanischer-faecher-ahorn-orange-dream\", \"available\": true, \"availabilityInfo\":\"\", \"campaignInfo\":\"pflanzen-draussen\",\"isSet\": false, \"priceLabel\": \"\", \"compareAtPriceLabel\": \"\",\"reviewsData\":{\"reviewCount\": 3, \"reviewAverageValue\": 5.0},\"image\": \"https://shop.plantura.garden/cdn/shop/files/japanischer-faecherahorn-orange-dream_1427x.png?v=1692795723\",\"tags\": \"acer,acer palmatum,ahorn,asia,deciduous shrubs,foliage,f\u00e4cherahorn,jeddeloh,live plants,maple,outdoor,pflanzen,pot-discount\",\"bulletPoints\": [\"Bienenfreundlicher F\u00e4cher-Ahorn f\u00fcr Topf \\u0026 Beet\",\"Farbverlauf von Gold- \\u0026 Gr\u00fcn-orange zu leuchtend rotem Laub\",\"Schnittvertr\u00e4glich \\u0026 winterhart mit breitem, aufrechtem Wuchs\"],\"variants\" : [ {\"sku\": \"OP-ACPA-0043\",\"available\": true, \"compareAtPriceString\": \"\", \"priceString\": \"36,99 \u20ac\", \"compareAtPrice\": 0.0, \"price\": 36.99, \"sale\":false, \"percentage\":\"\", \"priceCurrency\" : \"EUR\", \"url\" : \"https://shop.plantura.garden/products/japanischer-faecher-ahorn-orange-dream?variant=43655001735434\",\"isSet\":false}], \"handle\" : \"japanischer-faecher-ahorn-orange-dream\"}, { \"name\": \"Japanischer F\u00e4cher-Ahorn \u2018Skeeter\u2019s Broom\u2019\", \"unitPrice\" : \"\", \"compareAtPriceString\": \"\", \"priceString\": \"42,99 \u20ac\", \"compareAtPrice\": 0.0, \"price\": 42.99, \"sale\":false, \"percentage\":\"\", \"badge\": \"angebot\", \"url\": \"https://shop.plantura.garden/products/japanischer-faecher-ahorn-skeeters-broom\", \"available\": true, \"availabilityInfo\":\"\", \"campaignInfo\":\"pflanzen-draussen\",\"isSet\": false, \"priceLabel\": \"\", \"compareAtPriceLabel\": \"\",\"reviewsData\":{\"reviewCount\": 7, \"reviewAverageValue\": 5.0},\"image\": \"https://shop.plantura.garden/cdn/shop/files/japanischer-faecherahorn-skeeters-broom_1378x.png?v=1692795739\",\"tags\": \"acer,acer palmatum,ahorn,asia,deciduous shrubs,foliage,f\u00e4cherahorn,jeddeloh,live plants,maple,outdoor,pflanzen,pot-discount\",\"bulletPoints\": [\"Winterharter Zierahorn mit flammend roter Herbstf\u00e4rbung\",\"Kompakter Kleinbaum \u2013 ideal f\u00fcr Balkon, Terrasse \\u0026 Garten\",\"Liebt sonnige Standorte auf durchl\u00e4ssigen B\u00f6den\"],\"variants\" : [ {\"sku\": \"OP-ACPA-0044\",\"available\": true, \"compareAtPriceString\": \"\", \"priceString\": \"42,99 \u20ac\", \"compareAtPrice\": 0.0, \"price\": 42.99, \"sale\":false, \"percentage\":\"\", \"priceCurrency\" : \"EUR\", \"url\" : \"https://shop.plantura.garden/products/japanischer-faecher-ahorn-skeeters-broom?variant=43655002030346\",\"isSet\":false}, {\"sku\": \"OP-ACPA-0057\",\"available\": true, \"compareAtPriceString\": \"\", \"priceString\": \"79,99 \u20ac\", \"compareAtPrice\": 0.0, \"price\": 79.99, \"sale\":false, \"percentage\":\"\", \"priceCurrency\" : \"EUR\", \"url\" : \"https://shop.plantura.garden/products/japanischer-faecher-ahorn-skeeters-broom?variant=43655002063114\",\"isSet\":false}], \"handle\" : \"japanischer-faecher-ahorn-skeeters-broom\"}, { \"name\": \"Japanischer Goldahorn \\u0026#39;Jordan\\u0026#39;\", \"unitPrice\" : \"\", \"compareAtPriceString\": \"\", \"priceString\": \"42,99 \u20ac\", \"compareAtPrice\": 0.0, \"price\": 42.99, \"sale\":false, \"percentage\":\"\", \"badge\": \"angebot\", \"url\": \"https://shop.plantura.garden/products/japanischer-goldahorn-jordan\", \"available\": true, \"availabilityInfo\":\"\", \"campaignInfo\":\"pflanzen-draussen\",\"isSet\": false, \"priceLabel\": \"\", \"compareAtPriceLabel\": \"\",\"reviewsData\":{\"reviewCount\": 4, \"reviewAverageValue\": 5.0},\"image\": \"https://shop.plantura.garden/cdn/shop/files/japanischer-goldahorn-jordan_1427x.png?v=1692795855\",\"tags\": \"acer,acer shirasawanum,ahorn,asia,deciduous shrubs,foliage,f\u00e4cherahorn,goldahorn,jeddeloh,live plants,maple,outdoor,pflanzen,pot-discount\",\"bulletPoints\": [\"Bienenfreundliches Ziergeh\u00f6lz mit auff\u00e4llig goldenem Laub\",\"Spektakul\u00e4rer Farbverlauf von Gold zu Hellgr\u00fcn \\u0026 Orange-violett\",\"Pflegeleichter Solit\u00e4r \u2013 perfekt f\u00fcr Beet oder Topf\"],\"variants\" : [ {\"sku\": \"OP-ACSH-0042\",\"available\": true, \"compareAtPriceString\": \"\", \"priceString\": \"42,99 \u20ac\", \"compareAtPrice\": 0.0, \"price\": 42.99, \"sale\":false, \"percentage\":\"\", \"priceCurrency\" : \"EUR\", \"url\" : \"https://shop.plantura.garden/products/japanischer-goldahorn-jordan?variant=43655002161418\",\"isSet\":false}], \"handle\" : \"japanischer-goldahorn-jordan\"}, { \"name\": \"Japanisches Blutgras \u2018Red Baron\u2019\", \"unitPrice\" : \"\", \"compareAtPriceString\": \"\", \"priceString\": \"25,99 \u20ac\", \"compareAtPrice\": 0.0, \"price\": 25.99, \"sale\":false, \"percentage\":\"\", \"badge\": \"angebot\", \"url\": \"https://shop.plantura.garden/products/japanisches-blutgras-red-baron\", \"available\": false, \"availabilityInfo\":\"\", \"campaignInfo\":\"pflanzen-draussen\",\"isSet\": false, \"priceLabel\": \"\", \"compareAtPriceLabel\": \"\",\"reviewsData\":{\"reviewCount\": 13, \"reviewAverageValue\": 4.5},\"image\": \"https://shop.plantura.garden/cdn/shop/files/japanisches-blutgras-red-baron_1378x.png?v=1692797134\",\"tags\": \"asia,blood grass,blutgras,drought tolerant,imperata,imperata cylindrica,jeddeloh,live plants,ornamental grasses,outdoor,pflanzen,pot-discount,silberhaargras\",\"bulletPoints\": [\"Ziergras mit Farbwechsel von Gr\u00fcn zu intensiv leuchtendem Rot\",\"Winterhart \\u0026 als Garten- oder Topfkultur vielseitig verwendbar\",\"Liebt einen sonnigen Standort auf n\u00e4hrstoffreichem Boden\"],\"variants\" : [ {\"sku\": \"OP-IMCY-0047\",\"available\": false, \"compareAtPriceString\": \"\", \"priceString\": \"25,99 \u20ac\", \"compareAtPrice\": 0.0, \"price\": 25.99, \"sale\":false, \"percentage\":\"\", \"priceCurrency\" : \"EUR\", \"url\" : \"https://shop.plantura.garden/products/japanisches-blutgras-red-baron?variant=43655003701514\",\"isSet\":false}], \"handle\" : \"japanisches-blutgras-red-baron\"}, { \"name\": \"Kaffeepflanze\", \"unitPrice\" : \"\", \"compareAtPriceString\": \"\", \"priceString\": \"15,99 \u20ac\", \"compareAtPrice\": 0.0, \"price\": 15.99, \"sale\":false, \"percentage\":\"\", \"badge\": \"angebot\", \"url\": \"https://shop.plantura.garden/products/kaffeepflanze-coffea-arabica\", \"available\": true, \"availabilityInfo\":\"\", \"campaignInfo\":\"zimmerpflanzen\",\"isSet\": false, \"priceLabel\": \"\", \"compareAtPriceLabel\": \"\",\"reviewsData\":{\"reviewCount\": 21, \"reviewAverageValue\": 4.8},\"image\": \"https://shop.plantura.garden/cdn/shop/products/plantura-kaffeepflanze-kaufen_1476x.png?v=1663155760\",\"tags\": \"coffee plant,eflora,gr\u00fcnpflanzen,indoor,kaffeebaum,kleine zimmerpflanzen,live plants,pflanzen,pflegeleicht,pot-discount\",\"bulletPoints\": [\"Grazile Zimmerpflanze mit gl\u00e4nzenden Bl\u00e4ttern \\u0026 langen Stielen\",\"Pflegeleicht \\u0026 robust \u2013 perfekt auch f\u00fcr Einsteiger\",\"Liebt helle Standorte ohne direkte Sonneneinstrahlung\"],\"variants\" : [ {\"sku\": \"IP-COAR-0002\",\"available\": true, \"compareAtPriceString\": \"\", \"priceString\": \"15,99 \u20ac\", \"compareAtPrice\": 0.0, \"price\": 15.99, \"sale\":false, \"percentage\":\"\", \"priceCurrency\" : \"EUR\", \"url\" : \"https://shop.plantura.garden/products/kaffeepflanze-coffea-arabica?variant=43725399490826\",\"isSet\":false}], \"handle\" : \"kaffeepflanze-coffea-arabica\"}, { \"name\": \"Kalender Geschenk-Set\", \"unitPrice\" : \"\", \"compareAtPriceString\": \"65,96 \u20ac\", \"priceString\": \"55,99 \u20ac\", \"compareAtPrice\": 65.96, \"price\": 55.99, \"sale\":false, \"percentage\":\"15%\", \"badge\": \"angebot\", \"url\": \"https://shop.plantura.garden/products/kalender-geschenk-set\", \"available\": true, \"availabilityInfo\":\"\", \"campaignInfo\":\"sparset-mix\",\"isSet\": true, \"priceLabel\": \"Im Set\", \"compareAtPriceLabel\": \"Einzeln\",\"reviewsData\":{\"reviewCount\": 839, \"reviewAverageValue\": 4.7},\"image\": \"https://shop.plantura.garden/cdn/shop/files/kalender-geschenk-set-kaufen_1476x.png?v=1695369484\",\"tags\": \"angebot,aov bundle,aussaat,aussaatkalender,bundle,calendars,fertilizer,gartenkalender,geschenk,geschenkidee,kalender,liquid fertilizer,pflanzkalender,saatgut,samen,set,soils,soils sand chalk & mulch,wandkalender\",\"bulletPoints\": [\"Dein Komplett-Paket f\u00fcr 12 Monate Spa\u00df am Auss\u00e4en\",\"Einpflanzbarer Kalender 2024 A4, Bio-Aussaaterde, 24 Anzuchtt\u00f6pfchen \\u0026 Bio-Gem\u00fcsed\u00fcnger\",\"Nachhaltige Geschenkidee f\u00fcr deine Liebsten oder dich selbst\"],\"variants\" : [ {\"sku\": \"BD-KAGE-0008\",\"available\": true, \"compareAtPriceString\": \"65,96 \u20ac\", \"priceString\": \"55,99 \u20ac\", \"compareAtPrice\": 65.96, \"price\": 55.99, \"sale\":true, \"percentage\":\"15%\", \"priceCurrency\" : \"EUR\", \"url\" : \"https://shop.plantura.garden/products/kalender-geschenk-set?variant=44723676315914\",\"isSet\":true }], \"handle\" : \"kalender-geschenk-set\"}, { \"name\": \"Katzenfreundliche Sukkulenten (4er Set)\", \"unitPrice\" : \"\", \"compareAtPriceString\": \"77,96 \u20ac\", \"priceString\": \"64,99 \u20ac\", \"compareAtPrice\": 77.96, \"price\": 64.99, \"sale\":false, \"percentage\":\"17%\", \"badge\": \"angebot\", \"url\": \"https://shop.plantura.garden/products/katzenfreundliche-sukkulenten-4er-set\", \"available\": true, \"availabilityInfo\":\"\", \"campaignInfo\":\"zimmerpflanzen\",\"isSet\": true, \"priceLabel\": \"Im Set\", \"compareAtPriceLabel\": \"Einzeln\",\"reviewsData\":{\"reviewCount\": 1, \"reviewAverageValue\": 5.0},\"image\": \"https://shop.plantura.garden/cdn/shop/files/plantura-katzenfreundliche-sukkulenten-set-kaufen_1476x.png?v=1693465209\",\"tags\": \"angebot,bundle,eflora,gr\u00fcnpflanzen,indoor,katzenfreundlich,limited-quantity,live plants,pflanzen,pflanzenset,pflegeleicht,pot-discount,set,ungiftige sukkulenten,ungiftige sukkulenten f\u00fcr katzen\",\"bulletPoints\": [\"Ungiftige Sukkulenten \u2013 perfekt f\u00fcr Haustierfreunde\",\"Einsteigerfreundlich: Pflegeleicht \\u0026 gen\u00fcgsam\",\"Box mit Peperomia, Echeveria, Haworthia \\u0026 Schlangen-Fetthenne\"],\"variants\" : [ {\"sku\": \"IB-SUAN-0009\",\"available\": true, \"compareAtPriceString\": \"77,96 \u20ac\", \"priceString\": \"64,99 \u20ac\", \"compareAtPrice\": 77.96, \"price\": 64.99, \"sale\":true, \"percentage\":\"17%\", \"priceCurrency\" : \"EUR\", \"url\" : \"https://shop.plantura.garden/products/katzenfreundliche-sukkulenten-4er-set?variant=44678622970122\",\"isSet\":true }], \"handle\" : \"katzenfreundliche-sukkulenten-4er-set\"}, { \"name\": \"Katzenfreundliche Zimmerpflanzen (3er Set)\", \"unitPrice\" : \"\", \"compareAtPriceString\": \"50,97 \u20ac\", \"priceString\": \"44,99 \u20ac\", \"compareAtPrice\": 50.97, \"price\": 44.99, \"sale\":false, \"percentage\":\"12%\", \"badge\": \"angebot\", \"url\": \"https://shop.plantura.garden/products/katzenfreundliche-zimmerpflanzen-3er-set\", \"available\": true, \"availabilityInfo\":\"\", \"campaignInfo\":\"zimmerpflanzen\",\"isSet\": true, \"priceLabel\": \"Im Set\", \"compareAtPriceLabel\": \"Einzeln\",\"reviewsData\":{\"reviewCount\": 38, \"reviewAverageValue\": 4.7},\"image\": \"https://shop.plantura.garden/cdn/shop/products/plantura-katzenfreundliche-zimmerpflanzen-kaufen_1476x.png?v=1669040983\",\"tags\": \"angebot,bundle,eflora,green-week-22,gr\u00fcnpflanzen,hundefreundliche zimmerpflanzen,indoor,katzenfreundlich,katzenfreundliche zimmerpflanzen,live plants,pflanzen,pflanzenset,pot-discount,set,tierfreundlich,ungiftige zimmerpflanzen,zimmerpflanzen f\u00fcr katzen,zimmerpflanzen ungiftig f\u00fcr hunde\",\"bulletPoints\": [\"Ungiftige Zimmerpflanzen \u2013 perfekt f\u00fcr Pflanzenfreunde mit Haustieren\",\"Pflegeleicht, unkompliziert \\u0026 keine Gefahr f\u00fcr Katzen oder Hunde\",\"Dekoratives Trio: Gr\u00fcnlilie, Kaffeepflanze \\u0026 Gl\u00fcckskastanie\"],\"variants\" : [ {\"sku\": \"IB-ANFR-0001\",\"available\": true, \"compareAtPriceString\": \"50,97 \u20ac\", \"priceString\": \"44,99 \u20ac\", \"compareAtPrice\": 50.97, \"price\": 44.99, \"sale\":true, \"percentage\":\"12%\", \"priceCurrency\" : \"EUR\", \"url\" : \"https://shop.plantura.garden/products/katzenfreundliche-zimmerpflanzen-3er-set?variant=43725383336202\",\"isSet\":true }], \"handle\" : \"katzenfreundliche-zimmerpflanzen-3er-set\"}, { \"name\": \"Katzenfreundliche Zimmerpflanzen (6er Set)\", \"unitPrice\" : \"\", \"compareAtPriceString\": \"137,94 \u20ac\", \"priceString\": \"109,99 \u20ac\", \"compareAtPrice\": 137.94, \"price\": 109.99, \"sale\":false, \"percentage\":\"20%\", \"badge\": \"angebot\", \"url\": \"https://shop.plantura.garden/products/katzenfreundliche-zimmerpflanzen-6er-set\", \"available\": true, \"availabilityInfo\":\"\", \"campaignInfo\":\"zimmerpflanzen\",\"isSet\": true, \"priceLabel\": \"Im Set\", \"compareAtPriceLabel\": \"Einzeln\",\"reviewsData\":{\"reviewCount\": 58, \"reviewAverageValue\": 4.5},\"image\": \"https://shop.plantura.garden/cdn/shop/products/plantura-katzenfreundliche-zimmerpflanzen-set-kaufen_1476x.png?v=1663154757\",\"tags\": \"angebot,bundle,eflora,gr\u00fcnpflanzen,hundefreundliche zimmerpflanzen,indoor,katzenfreundlich,katzenfreundliche zimmerpflanzen,live plants,pflanzen,pflanzenset,pot-discount,set,tierfreundlich,ungiftige zimmerpflanzen,zimmerpflanzen f\u00fcr katzen,zimmerpflanzen ungiftig f\u00fcr hunde\",\"bulletPoints\": [\"Perfektes Set f\u00fcr Pflanzenfreunde mit Vierbeinern\",\"Pflegeleichte Zimmerpflanzen, die ungiftig f\u00fcr Katzen \\u0026 Hunde sind\",\"Calathea orbifolia, Gr\u00fcnlilie, Gl\u00fcckskastanie, Kaffeepflanze \\u0026 mehr\"],\"variants\" : [ {\"sku\": \"IB-ANFR-0003\",\"available\": true, \"compareAtPriceString\": \"137,94 \u20ac\", \"priceString\": \"109,99 \u20ac\", \"compareAtPrice\": 137.94, \"price\": 109.99, \"sale\":true, \"percentage\":\"20%\", \"priceCurrency\" : \"EUR\", \"url\" : \"https://shop.plantura.garden/products/katzenfreundliche-zimmerpflanzen-6er-set?variant=43725387759882\",\"isSet\":true }], \"handle\" : \"katzenfreundliche-zimmerpflanzen-6er-set\"}, { \"name\": \"Keramik \u00dcbertopf Olive f\u00fcr drau\u00dfen\", \"unitPrice\" : \"\", \"compareAtPriceString\": \"\", \"priceString\": \"34,99 \u20ac\", \"compareAtPrice\": 0.0, \"price\": 34.99, \"sale\":false, \"percentage\":\"\", \"badge\": \"angebot\", \"url\": \"https://shop.plantura.garden/products/keramik-uebertopf-olive-draussen\", \"available\": false, \"availabilityInfo\":\"\", \"campaignInfo\":\"\",\"isSet\": false, \"priceLabel\": \"\", \"compareAtPriceLabel\": \"\",\"reviewsData\":{\"reviewCount\": 1, \"reviewAverageValue\": 5.0},\"image\": \"https://shop.plantura.garden/cdn/shop/files/keramik-uebertopf-olivgruen-draussen-kaufen_1476x.png?v=1691600163\",\"tags\": \"blumentopf,blument\u00f6pfe,borralheira,outdoor,plant pots,save-with-plant,steingut,steinzeug,topf,t\u00f6pfe\",\"bulletPoints\": [\"Jeder Topf ein Unikat: Traditionelles Keramik-Handwerk aus Portugal\",\"Witterungsbest\u00e4ndig \\u0026 winterhart: \u00dcbertopf f\u00fcr Terrasse \\u0026 Balkon\",\"Spitzenqualit\u00e4t: Hochwertig, zeitlos \\u0026 robust\"],\"variants\" : [ {\"sku\": \"AC-CE25-0002\",\"available\": false, \"compareAtPriceString\": \"\", \"priceString\": \"34,99 \u20ac\", \"compareAtPrice\": 0.0, \"price\": 34.99, \"sale\":false, \"percentage\":\"\", \"priceCurrency\" : \"EUR\", \"url\" : \"https://shop.plantura.garden/products/keramik-uebertopf-olive-draussen?variant=44659354861834\",\"isSet\":false}, {\"sku\": \"AC-CE30-0005\",\"available\": false, \"compareAtPriceString\": \"\", \"priceString\": \"44,99 \u20ac\", \"compareAtPrice\": 0.0, \"price\": 44.99, \"sale\":false, \"percentage\":\"\", \"priceCurrency\" : \"EUR\", \"url\" : \"https://shop.plantura.garden/products/keramik-uebertopf-olive-draussen?variant=44659354894602\",\"isSet\":false}], \"handle\" : \"keramik-uebertopf-olive-draussen\"}, { \"name\": \"Keramik \u00dcbertopf Petrol f\u00fcr drau\u00dfen\", \"unitPrice\" : \"\", \"compareAtPriceString\": \"\", \"priceString\": \"34,99 \u20ac\", \"compareAtPrice\": 0.0, \"price\": 34.99, \"sale\":false, \"percentage\":\"\", \"badge\": \"angebot\", \"url\": \"https://shop.plantura.garden/products/keramik-uebertopf-petrol-draussen\", \"available\": false, \"availabilityInfo\":\"\", \"campaignInfo\":\"\",\"isSet\": false, \"priceLabel\": \"\", \"compareAtPriceLabel\": \"\",\"reviewsData\":{\"reviewCount\": 1, \"reviewAverageValue\": 5.0},\"image\": \"https://shop.plantura.garden/cdn/shop/files/keramik-uebertopf-petrol-draussen-kaufen_1476x.png?v=1691600189\",\"tags\": \"blumentopf,blument\u00f6pfe,borralheira,outdoor,plant pots,save-with-plant,steingut,steinzeug,topf,t\u00f6pfe\",\"bulletPoints\": [\"Pflanzen-\u00dcbertopf aus traditionellem Keramik-Handwerk \",\"Witterungsbest\u00e4ndig \\u0026 frostsicher \u2013 ideal f\u00fcr Balkon \\u0026 Terrasse\",\"Spitzenqualit\u00e4t aus Portugal: Qualitativ, robust \\u0026 zeitlos\"],\"variants\" : [ {\"sku\": \"AC-CE25-0003\",\"available\": false, \"compareAtPriceString\": \"\", \"priceString\": \"34,99 \u20ac\", \"compareAtPrice\": 0.0, \"price\": 34.99, \"sale\":false, \"percentage\":\"\", \"priceCurrency\" : \"EUR\", \"url\" : \"https://shop.plantura.garden/products/keramik-uebertopf-petrol-draussen?variant=44659355222282\",\"isSet\":false}, {\"sku\": \"AC-CE30-0006\",\"available\": false, \"compareAtPriceString\": \"\", \"priceString\": \"44,99 \u20ac\", \"compareAtPrice\": 0.0, \"price\": 44.99, \"sale\":false, \"percentage\":\"\", \"priceCurrency\" : \"EUR\", \"url\" : \"https://shop.plantura.garden/products/keramik-uebertopf-petrol-draussen?variant=44659355255050\",\"isSet\":false}], \"handle\" : \"keramik-uebertopf-petrol-draussen\"}, { \"name\": \"Keramik \u00dcbertopf Sand f\u00fcr drau\u00dfen\", \"unitPrice\" : \"\", \"compareAtPriceString\": \"\", \"priceString\": \"34,99 \u20ac\", \"compareAtPrice\": 0.0, \"price\": 34.99, \"sale\":false, \"percentage\":\"\", \"badge\": \"angebot\", \"url\": \"https://shop.plantura.garden/products/keramik-uebertopf-sand-draussen\", \"available\": false, \"availabilityInfo\":\"\", \"campaignInfo\":\"\",\"isSet\": false, \"priceLabel\": \"\", \"compareAtPriceLabel\": \"\",\"reviewsData\":{\"reviewCount\": 1, \"reviewAverageValue\": 5.0},\"image\": \"https://shop.plantura.garden/cdn/shop/files/keramik-uebertopf-sand-draussen-kaufen_1476x.png?v=1691600139\",\"tags\": \"blumentopf,blument\u00f6pfe,borralheira,outdoor,plant pots,save-with-plant,steingut,steinzeug,topf,t\u00f6pfe\",\"bulletPoints\": [\"Traditionelles Keramik-Handwerk aus Portugal: Jeder Topf ein Unikat\",\"Perfekt f\u00fcr Balkon \\u0026 Terrasse \u2013 frostsicher \\u0026 witterungsbest\u00e4ndig\",\"Premium-Qualit\u00e4t: Zeitlos, robust \\u0026 hochwertig\"],\"variants\" : [ {\"sku\": \"AC-CE25-0001\",\"available\": false, \"compareAtPriceString\": \"\", \"priceString\": \"34,99 \u20ac\", \"compareAtPrice\": 0.0, \"price\": 34.99, \"sale\":false, \"percentage\":\"\", \"priceCurrency\" : \"EUR\", \"url\" : \"https://shop.plantura.garden/products/keramik-uebertopf-sand-draussen?variant=44659354599690\",\"isSet\":false}, {\"sku\": \"AC-CE30-0004\",\"available\": false, \"compareAtPriceString\": \"\", \"priceString\": \"44,99 \u20ac\", \"compareAtPrice\": 0.0, \"price\": 44.99, \"sale\":false, \"percentage\":\"\", \"priceCurrency\" : \"EUR\", \"url\" : \"https://shop.plantura.garden/products/keramik-uebertopf-sand-draussen?variant=44659354632458\",\"isSet\":false}], \"handle\" : \"keramik-uebertopf-sand-draussen\"}, { \"name\": \"Keulenlilie \\u0026#39;Tango\\u0026#39;\", \"unitPrice\" : \"\", \"compareAtPriceString\": \"\", \"priceString\": \"39,99 \u20ac\", \"compareAtPrice\": 0.0, \"price\": 39.99, \"sale\":false, \"percentage\":\"\", \"badge\": \"angebot\", \"url\": \"https://shop.plantura.garden/products/keulenlilie-tango-cordyline-fruticosa\", \"available\": true, \"availabilityInfo\":\"\", \"campaignInfo\":\"zimmerpflanzen\",\"isSet\": false, \"priceLabel\": \"\", \"compareAtPriceLabel\": \"\",\"reviewsData\":{\"reviewCount\": 1, \"reviewAverageValue\": 5.0},\"image\": \"https://shop.plantura.garden/cdn/shop/files/plantura-keulenlilie-tango-kaufen_1476x.png?v=1693465516\",\"tags\": \"cordyline tango,eflora,gr\u00fcnpflanzen,indoor,limited-quantity,live plants,pflanzen,pot-discount,special leaf\",\"bulletPoints\": [\"Au\u00dfergew\u00f6hnliche Zimmerpflanze mit pinken Akzenten\",\"Sehr pflegeleicht \u2013 tolle Einsteiger-Pflanze\",\"Liebt helle bis halbschattige Standorte\"],\"variants\" : [ {\"sku\": \"IP-COFR-0034\",\"available\": true, \"compareAtPriceString\": \"\", \"priceString\": \"39,99 \u20ac\", \"compareAtPrice\": 0.0, \"price\": 39.99, \"sale\":false, \"percentage\":\"\", \"priceCurrency\" : \"EUR\", \"url\" : \"https://shop.plantura.garden/products/keulenlilie-tango-cordyline-fruticosa?variant=44678631325962\",\"isSet\":false}], \"handle\" : \"keulenlilie-tango-cordyline-fruticosa\"}, { \"name\": \"Kleidermotten-Fallen 6 St\u00fcck\", \"unitPrice\" : \"\", \"compareAtPriceString\": \"\", \"priceString\": \"9,99 \u20ac\", \"compareAtPrice\": 0.0, \"price\": 9.99, \"sale\":false, \"percentage\":\"\", \"badge\": \"angebot\", \"url\": \"https://shop.plantura.garden/products/kleidermotten-fallen\", \"available\": true, \"availabilityInfo\":\"\", \"campaignInfo\":\"pflanzenschutz\",\"isSet\": false, \"priceLabel\": \"\", \"compareAtPriceLabel\": \"\",\"reviewsData\":{\"reviewCount\": 101, \"reviewAverageValue\": 4.6},\"image\": \"https://shop.plantura.garden/cdn/shop/files/kleidermottenfallen-plantura_1476x.png?v=1691135579\",\"tags\": \"category_n\u00fctzlinge-&-pflanzenschutz,fight moths,klebefalle,Kleidermotten,kleidermottenfalle,kleidermottenfallen,mottenfalle,mottenschutz,pelzmotte,pest traps,pheromonfalle,teppichk\u00e4fer\",\"bulletPoints\": [\"6 geruchlose Leimfallen mit langanhaltender Wirkungsdauer\",\"Ideal f\u00fcr Kleiderschr\u00e4nke \\u0026 Lagerr\u00e4ume zur fr\u00fchzeitigen Befallserkennung\",\"100% insektizid- \\u0026 giftfrei - hergestellt in Deutschland\"],\"variants\" : [ {\"sku\": \"FG-9U5N-A834\",\"available\": true, \"compareAtPriceString\": \"\", \"priceString\": \"9,99 \u20ac\", \"compareAtPrice\": 0.0, \"price\": 9.99, \"sale\":false, \"percentage\":\"\", \"priceCurrency\" : \"EUR\", \"url\" : \"https://shop.plantura.garden/products/kleidermotten-fallen?variant=39311458664536\",\"isSet\":false}], \"handle\" : \"kleidermotten-fallen\"}, { \"name\": \"Kletterhortensie Wei\u00df\", \"unitPrice\" : \"\", \"compareAtPriceString\": \"\", \"priceString\": \"39,99 \u20ac\", \"compareAtPrice\": 0.0, \"price\": 39.99, \"sale\":false, \"percentage\":\"\", \"badge\": \"angebot\", \"url\": \"https://shop.plantura.garden/products/kletterhortensie-weiss\", \"available\": true, \"availabilityInfo\":\"\", \"campaignInfo\":\"pflanzen-draussen\",\"isSet\": false, \"priceLabel\": \"\", \"compareAtPriceLabel\": \"\",\"reviewsData\":{\"reviewCount\": 3, \"reviewAverageValue\": 5.0},\"image\": \"https://shop.plantura.garden/cdn/shop/files/kletterhortensie-weiss-kaufen_1476x.png?v=1692797092\",\"tags\": \"beefriendly,climbing plant,flowering shrubs,hortensie,hydrangea,hydrangea petiolaris,kletter hortensie,kletterpflanze,kletterpflanzen,live plants,outdoor,pflanzen,pot-discount,reiners\",\"bulletPoints\": [\"Spektakul\u00e4re Kletterpflanze mit wunderbar duftenden, wei\u00dfen Schirmbl\u00fcten\",\"Perfekt zum Begr\u00fcnen von Fassaden oder Z\u00e4unen \u2013 auch im Topf\",\"Komplett winterhart, pflegeleicht \\u0026 stadtklimafest\\n\"],\"variants\" : [ {\"sku\": \"OP-HYPE-0464\",\"available\": true, \"compareAtPriceString\": \"\", \"priceString\": \"39,99 \u20ac\", \"compareAtPrice\": 0.0, \"price\": 39.99, \"sale\":false, \"percentage\":\"\", \"priceCurrency\" : \"EUR\", \"url\" : \"https://shop.plantura.garden/products/kletterhortensie-weiss?variant=44601857474826\",\"isSet\":false}], \"handle\" : \"kletterhortensie-weiss\"}, { \"name\": \"Klettertrompete \\u0026#39;Fire Trumpet\\u0026#39;\u00ae Rot\", \"unitPrice\" : \"\", \"compareAtPriceString\": \"\", \"priceString\": \"36,99 \u20ac\", \"compareAtPrice\": 0.0, \"price\": 36.99, \"sale\":false, \"percentage\":\"\", \"badge\": \"angebot\", \"url\": \"https://shop.plantura.garden/products/klettertrompete-fire-trumpet-rot\", \"available\": false, \"availabilityInfo\":\"\", \"campaignInfo\":\"pflanzen-draussen\",\"isSet\": false, \"priceLabel\": \"\", \"compareAtPriceLabel\": \"\",\"reviewsData\":{\"reviewCount\": 0, \"reviewAverageValue\": 0.0},\"image\": \"https://shop.plantura.garden/cdn/shop/files/klettertrompete-fire-trumpet-kaufen_1476x.png?v=1692796312\",\"tags\": \"beefriendly,campsis,climbing plant,drought tolerant,flowering shrubs,kletterpflanze,kletterpflanzen,live plants,outdoor,pflanzen,pot-discount,reiners,trompetenblume\",\"bulletPoints\": [\"Leuchtend rot bl\u00fchende Kletterpflanze \u2013 als Sichtschutz oder Fassadenbegr\u00fcnung\",\"Bienen- \\u0026 Schmetterlingsmagnet mit langer Bl\u00fctezeit\",\"Pflegeleichter \\u0026 winterharter Selbstklimmer\"],\"variants\" : [ {\"sku\": \"OP-CATA-0454\",\"available\": false, \"compareAtPriceString\": \"\", \"priceString\": \"36,99 \u20ac\", \"compareAtPrice\": 0.0, \"price\": 36.99, \"sale\":false, \"percentage\":\"\", \"priceCurrency\" : \"EUR\", \"url\" : \"https://shop.plantura.garden/products/klettertrompete-fire-trumpet-rot?variant=44601856393482\",\"isSet\":false}], \"handle\" : \"klettertrompete-fire-trumpet-rot\"}, { \"name\": \"Klettertrompete \\u0026#39;Golden Trumpet\\u0026#39;\u00ae Gelb-Orange\", \"unitPrice\" : \"\", \"compareAtPriceString\": \"\", \"priceString\": \"36,99 \u20ac\", \"compareAtPrice\": 0.0, \"price\": 36.99, \"sale\":false, \"percentage\":\"\", \"badge\": \"angebot\", \"url\": \"https://shop.plantura.garden/products/klettertrompete-golden-trumpet-gelb-orange\", \"available\": false, \"availabilityInfo\":\"\", \"campaignInfo\":\"pflanzen-draussen\",\"isSet\": false, \"priceLabel\": \"\", \"compareAtPriceLabel\": \"\",\"reviewsData\":{\"reviewCount\": 1, \"reviewAverageValue\": 3.0},\"image\": \"https://shop.plantura.garden/cdn/shop/files/klettertrompete-golden-trumpet-kaufen_aac8279b-7baf-41fe-b9a4-ca01ce4d6dba_1476x.png?v=1691763224\",\"tags\": \"beefriendly,campsis,climbing plant,drought tolerant,flowering shrubs,kletterpflanze,kletterpflanzen,live plants,outdoor,pflanzen,pot-discount,reiners,trompetenblume\",\"bulletPoints\": [\"\u00dcppig bl\u00fchender Kletterk\u00fcnstler \u2013 ideal als Fassadenbegr\u00fcnung \\u0026 Sichtschutz\",\"Bienen- \\u0026 Insektenmagnet mit gelb-orangen Trompetenbl\u00fcten\",\"Pflegeleichter \\u0026 schnell wachsender Selbstklimmer\"],\"variants\" : [ {\"sku\": \"OP-CATA-0455\",\"available\": false, \"compareAtPriceString\": \"\", \"priceString\": \"36,99 \u20ac\", \"compareAtPrice\": 0.0, \"price\": 36.99, \"sale\":false, \"percentage\":\"\", \"priceCurrency\" : \"EUR\", \"url\" : \"https://shop.plantura.garden/products/klettertrompete-golden-trumpet-gelb-orange?variant=44601856459018\",\"isSet\":false}], \"handle\" : \"klettertrompete-golden-trumpet-gelb-orange\"}, { \"name\": \"Klettertrompete \\u0026#39;Indian Summer\\u0026#39;\u00ae Orange-Rot\", \"unitPrice\" : \"\", \"compareAtPriceString\": \"\", \"priceString\": \"36,99 \u20ac\", \"compareAtPrice\": 0.0, \"price\": 36.99, \"sale\":false, \"percentage\":\"\", \"badge\": \"angebot\", \"url\": \"https://shop.plantura.garden/products/klettertrompete-indian-summer-orange-rot\", \"available\": false, \"availabilityInfo\":\"\", \"campaignInfo\":\"pflanzen-draussen\",\"isSet\": false, \"priceLabel\": \"\", \"compareAtPriceLabel\": \"\",\"reviewsData\":{\"reviewCount\": 2, \"reviewAverageValue\": 5.0},\"image\": \"https://shop.plantura.garden/cdn/shop/files/klettertrompete-indian-summer-kaufen_1476x.png?v=1692796298\",\"tags\": \"beefriendly,campsis,climbing plant,drought tolerant,flowering shrubs,kletterpflanze,kletterpflanzen,live plants,outdoor,pflanzen,pot-discount,reiners,trompetenblume\",\"bulletPoints\": [\"Bienen- \\u0026 Insektenmagnet mit orange-roten Trompetenbl\u00fcten\",\"Schnell wachsender Selbstklimmer \u2013 ideal als Sichtschutz oder Fassadenbegr\u00fcnung\",\"Pflegeleicht \\u0026 sehr gut winterhart\"],\"variants\" : [ {\"sku\": \"OP-CARA-0456\",\"available\": false, \"compareAtPriceString\": \"\", \"priceString\": \"36,99 \u20ac\", \"compareAtPrice\": 0.0, \"price\": 36.99, \"sale\":false, \"percentage\":\"\", \"priceCurrency\" : \"EUR\", \"url\" : \"https://shop.plantura.garden/products/klettertrompete-indian-summer-orange-rot?variant=44601856360714\",\"isSet\":false}], \"handle\" : \"klettertrompete-indian-summer-orange-rot\"}, { \"name\": \"Kolkwitzie \\u0026#39;Pink Cloud\\u0026#39; Rosawei\u00df\", \"unitPrice\" : \"\", \"compareAtPriceString\": \"\", \"priceString\": \"22,99 \u20ac\", \"compareAtPrice\": 0.0, \"price\": 22.99, \"sale\":false, \"percentage\":\"\", \"badge\": \"angebot\", \"url\": \"https://shop.plantura.garden/products/kolkwitzie-pink-cloud-rosaweiss\", \"available\": false, \"availabilityInfo\":\"\", \"campaignInfo\":\"pflanzen-draussen\",\"isSet\": false, \"priceLabel\": \"\", \"compareAtPriceLabel\": \"\",\"reviewsData\":{\"reviewCount\": 2, \"reviewAverageValue\": 4.5},\"image\": \"https://shop.plantura.garden/cdn/shop/files/kolkwitzie-pink-cloud-kaufen_1476x.png?v=1692797166\",\"tags\": \"beefriendly,colkwitzia,deciduous shrubs,flowering shrubs,jeddeloh,kolkwitzia,kolkwitzia amabilis,live plants,outdoor,perlmuttstrauch,pflanzen,pot-discount\",\"bulletPoints\": [\"Rosawei\u00dfe, s\u00fc\u00df duftende Bl\u00fctendolden im Mai \\u0026 Juni\",\"Bienenfreundlicher \\u0026 pflegeleichter Sommerbl\u00fcher mit elegantem Wuchs\",\"Liebt sonnige bis halbschattige Standorte im Beet oder Topf\"],\"variants\" : [ {\"sku\": \"OP-KOAM-0140\",\"available\": false, \"compareAtPriceString\": \"\", \"priceString\": \"22,99 \u20ac\", \"compareAtPrice\": 0.0, \"price\": 22.99, \"sale\":false, \"percentage\":\"\", \"priceCurrency\" : \"EUR\", \"url\" : \"https://shop.plantura.garden/products/kolkwitzie-pink-cloud-rosaweiss?variant=44327848673546\",\"isSet\":false}], \"handle\" : \"kolkwitzie-pink-cloud-rosaweiss\"}, { \"name\": \"Kolkwitzie Rosa\", \"unitPrice\" : \"\", \"compareAtPriceString\": \"\", \"priceString\": \"42,99 \u20ac\", \"compareAtPrice\": 0.0, \"price\": 42.99, \"sale\":false, \"percentage\":\"\", \"badge\": \"angebot\", \"url\": \"https://shop.plantura.garden/products/kolkwitzie-rosa\", \"available\": true, \"availabilityInfo\":\"\", \"campaignInfo\":\"pflanzen-draussen\",\"isSet\": false, \"priceLabel\": \"\", \"compareAtPriceLabel\": \"\",\"reviewsData\":{\"reviewCount\": 5, \"reviewAverageValue\": 5.0},\"image\": \"https://shop.plantura.garden/cdn/shop/files/rosa-kolkwitzie-kaufen_1476x.png?v=1692797177\",\"tags\": \"beefriendly,colkwitzia,deciduous shrubs,flowering shrubs,jeddeloh,kolkwitzia,kolkwitzia amabilis,live plants,outdoor,perlmuttstrauch,pflanzen,pot-discount\",\"bulletPoints\": [\"Bienenfreundliche, rosa-wei\u00dfe Bl\u00fcten, die einen honigartigen Duft verstr\u00f6men\",\"Pflegeleicht \\u0026 trockenheitsvertr\u00e4glich: Ideal f\u00fcr bl\u00fchende Hecken\",\"Echter Klassiker f\u00fcr sonnige bis halbschattige Standorte\"],\"variants\" : [ {\"sku\": \"OP-KOAM-0142\",\"available\": false, \"compareAtPriceString\": \"\", \"priceString\": \"22,99 \u20ac\", \"compareAtPrice\": 0.0, \"price\": 22.99, \"sale\":false, \"percentage\":\"\", \"priceCurrency\" : \"EUR\", \"url\" : \"https://shop.plantura.garden/products/kolkwitzie-rosa?variant=44327850541322\",\"isSet\":false}, {\"sku\": \"OP-KOAM-0141\",\"available\": true, \"compareAtPriceString\": \"\", \"priceString\": \"42,99 \u20ac\", \"compareAtPrice\": 0.0, \"price\": 42.99, \"sale\":false, \"percentage\":\"\", \"priceCurrency\" : \"EUR\", \"url\" : \"https://shop.plantura.garden/products/kolkwitzie-rosa?variant=44327850574090\",\"isSet\":false}], \"handle\" : \"kolkwitzie-rosa\"}, { \"name\": \"Koreanischer F\u00e4cher-Ahorn \\u0026#39;North Wind\\u0026#39;\u00ae\", \"unitPrice\" : \"\", \"compareAtPriceString\": \"\", \"priceString\": \"45,99 \u20ac\", \"compareAtPrice\": 0.0, \"price\": 45.99, \"sale\":false, \"percentage\":\"\", \"badge\": \"angebot\", \"url\": \"https://shop.plantura.garden/products/koreanischer-faecher-ahorn-north-wind\", \"available\": false, \"availabilityInfo\":\"\", \"campaignInfo\":\"pflanzen-draussen\",\"isSet\": false, \"priceLabel\": \"\", \"compareAtPriceLabel\": \"\",\"reviewsData\":{\"reviewCount\": 0, \"reviewAverageValue\": 0.0},\"image\": \"https://shop.plantura.garden/cdn/shop/files/koranischer-faecher-ahorn-north-wind-kaufen_533579b5-9505-439b-bbd0-167a547b65b4_1329x.png?v=1691762720\",\"tags\": \"acer,ahorn,asia,deciduous shrubs,foliage,f\u00e4cherahorn,jeddeloh,koreanischer f\u00e4cherahorn,live plants,maple,outdoor,pflanzen,pot-discount\",\"bulletPoints\": [\"Wundersch\u00f6ne \\u0026 zugleich widerstandsf\u00e4hige F\u00e4cher-Ahorn-Sorte\",\"Roter Austrieb, gr\u00fcnes Laub im Sommer \\u0026 scharlachrote Herbstf\u00e4rbung\",\"Strauchartiger Wuchs \u2013 auch f\u00fcr Balkon \\u0026 Terrasse geeignet\"],\"variants\" : [ {\"sku\": \"OP-ACPS-0255\",\"available\": false, \"compareAtPriceString\": \"\", \"priceString\": \"45,99 \u20ac\", \"compareAtPrice\": 0.0, \"price\": 45.99, \"sale\":false, \"percentage\":\"\", \"priceCurrency\" : \"EUR\", \"url\" : \"https://shop.plantura.garden/products/koreanischer-faecher-ahorn-north-wind?variant=44373851242762\",\"isSet\":false}], \"handle\" : \"koreanischer-faecher-ahorn-north-wind\"}, { \"name\": \"Koreatanne Botanico\u00ae \\u0026#39;Kohout\\u0026#39;s Icebreaker\\u0026#39;\u00ae\", \"unitPrice\" : \"\", \"compareAtPriceString\": \"\", \"priceString\": \"44,99 \u20ac\", \"compareAtPrice\": 0.0, \"price\": 44.99, \"sale\":false, \"percentage\":\"\", \"badge\": \"angebot\", \"url\": \"https://shop.plantura.garden/products/koreatanne-botanico-kohouts-icebreaker\", \"available\": true, \"availabilityInfo\":\"\", \"campaignInfo\":\"pflanzen-draussen\",\"isSet\": false, \"priceLabel\": \"\", \"compareAtPriceLabel\": \"\",\"reviewsData\":{\"reviewCount\": 3, \"reviewAverageValue\": 5.0},\"image\": \"https://shop.plantura.garden/cdn/shop/files/koreatanne-kohouts-icebreaker_1378x.png?v=1691762539\",\"tags\": \"asia,balcony,christbaum,conifer,fir,jeddeloh,live plants,outdoor,pflanzen,pot-discount,tannenbaum,weihnachtsbaum\",\"bulletPoints\": [\"Eissilberne Zwerg-Lockentanne mit bl\u00e4ulich-silbrigen Nadeln\",\"Langsam wachsend \\u0026 sehr frostfest: Ideal f\u00fcr K\u00fcbel oder Beet\",\"Lieferung einer bereits 8 Jahre alten, kr\u00e4ftigen Pflanze aus Topfkultur\"],\"variants\" : [ {\"sku\": \"OP-ABKO-0086\",\"available\": true, \"compareAtPriceString\": \"\", \"priceString\": \"44,99 \u20ac\", \"compareAtPrice\": 0.0, \"price\": 44.99, \"sale\":false, \"percentage\":\"\", \"priceCurrency\" : \"EUR\", \"url\" : \"https://shop.plantura.garden/products/koreatanne-botanico-kohouts-icebreaker?variant=43813276582154\",\"isSet\":false}], \"handle\" : \"koreatanne-botanico-kohouts-icebreaker\"}, { \"name\": \"Korkfl\u00fcgelstrauch \\u0026#39;Compactus\\u0026#39;\", \"unitPrice\" : \"\", \"compareAtPriceString\": \"\", \"priceString\": \"27,99 \u20ac\", \"compareAtPrice\": 0.0, \"price\": 27.99, \"sale\":false, \"percentage\":\"\", \"badge\": \"angebot\", \"url\": \"https://shop.plantura.garden/products/korkfluegelstrauch-compactus\", \"available\": false, \"availabilityInfo\":\"\", \"campaignInfo\":\"pflanzen-draussen\",\"isSet\": false, \"priceLabel\": \"\", \"compareAtPriceLabel\": \"\",\"reviewsData\":{\"reviewCount\": 0, \"reviewAverageValue\": 0.0},\"image\": \"https://shop.plantura.garden/cdn/shop/files/korkfluegelstrauch-compactus-kaufen_1280x.png?v=1692796636\",\"tags\": \"beefriendly,burning bush,deciduous shrubs,euonymus alatus,fl\u00fcgel spindelstrauch,foliage,jeddeloh,korkspindel,live plants,outdoor,pfaffenh\u00fctchen,pflanzen,pot-discount\",\"bulletPoints\": [\"Intensiv lila-rote Herbstf\u00e4rbung \\u0026 dekorativer Fruchtschmuck\",\"Bienenfreundliche Bl\u00fcten in Gr\u00fcngelb\",\"Niedrig-kompakter Wuchs mit auffallend sch\u00f6ner Rinde\"],\"variants\" : [ {\"sku\": \"OP-EUAL-0427\",\"available\": false, \"compareAtPriceString\": \"\", \"priceString\": \"27,99 \u20ac\", \"compareAtPrice\": 0.0, \"price\": 27.99, \"sale\":false, \"percentage\":\"\", \"priceCurrency\" : \"EUR\", \"url\" : \"https://shop.plantura.garden/products/korkfluegelstrauch-compactus?variant=44601857179914\",\"isSet\":false}], \"handle\" : \"korkfluegelstrauch-compactus\"}, { \"name\": \"Kornelkirsche\", \"unitPrice\" : \"\", \"compareAtPriceString\": \"\", \"priceString\": \"22,99 \u20ac\", \"compareAtPrice\": 0.0, \"price\": 22.99, \"sale\":false, \"percentage\":\"\", \"badge\": \"angebot\", \"url\": \"https://shop.plantura.garden/products/kornelkirsche\", \"available\": false, \"availabilityInfo\":\"Verf\u00fcgbar ab Fr\u00fchjahr 2024\", \"campaignInfo\":\"pflanzen-draussen\",\"isSet\": false, \"priceLabel\": \"\", \"compareAtPriceLabel\": \"\",\"reviewsData\":{\"reviewCount\": 7, \"reviewAverageValue\": 4.9},\"image\": \"https://shop.plantura.garden/cdn/shop/files/kornelkirsche-kaufen_38896518-c234-49ae-aeb2-9711d4faa927_1476x.png?v=1691763528\",\"tags\": \"beefriendly,birdfriendly,cornel,cornus mas,deciduous shrubs,dirndlstrauch,drought tolerant,d\u00fcrlitze,flowering shrubs,herlitze,hirlnuss,jeddeloh,live plants,outdoor,pflanzen,pot-discount,spring bloomer\",\"bulletPoints\": [\"Goldgelbe, kugelige Bl\u00fcten im Fr\u00fchjahr \\u0026 essbare, rote Beeren im Herbst\",\"Vogelfreundlich sowie wichtige Nahrungsgrundlage f\u00fcr Bienen \\u0026 Insekten\",\"Heimisches Geh\u00f6lz mit hohem \u00f6kologischem Wert\"],\"variants\" : [ {\"sku\": \"OP-COMA-0134\",\"available\": false, \"compareAtPriceString\": \"\", \"priceString\": \"22,99 \u20ac\", \"compareAtPrice\": 0.0, \"price\": 22.99, \"sale\":false, \"percentage\":\"\", \"priceCurrency\" : \"EUR\", \"url\" : \"https://shop.plantura.garden/products/kornelkirsche?variant=44327845200138\",\"isSet\":false}], \"handle\" : \"kornelkirsche\"}, { \"name\": \"Kr\u00e4uter-Anzuchtset\", \"unitPrice\" : \"\", \"compareAtPriceString\": \"\", \"priceString\": \"16,99 \u20ac\", \"compareAtPrice\": 0.0, \"price\": 16.99, \"sale\":false, \"percentage\":\"\", \"badge\": \"angebot\", \"url\": \"https://shop.plantura.garden/products/kraeuter-anzuchtset\", \"available\": true, \"availabilityInfo\":\"\", \"campaignInfo\":\"saatgut\",\"isSet\": false, \"priceLabel\": \"\", \"compareAtPriceLabel\": \"\",\"reviewsData\":{\"reviewCount\": 47, \"reviewAverageValue\": 4.5},\"image\": \"https://shop.plantura.garden/cdn/shop/files/kraeuter-anzuchtset-plantura_1476x.png?v=1691137842\",\"tags\": \"anzucht-sets,anzuchtsubstrat,anzuchtt\u00f6pfe,aussaat,balkon,basilikum,category_saatgut,geschenk,gew\u00e4chshaus,green-week-22,greenweek-geschenkideen,grow herbs,grow kits,kinder,kr\u00e4uter,kr\u00e4uter anzucht,kr\u00e4uterschnecke,minze,petersilie,saat,saatgut,samen,schnittlauch\",\"bulletPoints\": [\"Komplettes Set zur Aussaat von 5 aromatischen Kr\u00e4utern\",\"Rundumpaket mit Samen, Anzuchtt\u00f6pfchen, Substrat \\u0026 ausf\u00fchrlicher Anleitung\",\"Inklusive kostenlosem Video-Kurs - auch ideal f\u00fcr Anf\u00e4nger geeignet\"],\"variants\" : [ {\"sku\": \"RP-6BQF-3LUS\",\"available\": true, \"compareAtPriceString\": \"\", \"priceString\": \"16,99 \u20ac\", \"compareAtPrice\": 0.0, \"price\": 16.99, \"sale\":false, \"percentage\":\"\", \"priceCurrency\" : \"EUR\", \"url\" : \"https://shop.plantura.garden/products/kraeuter-anzuchtset?variant=33476911759448\",\"isSet\":false}], \"handle\" : \"kraeuter-anzuchtset\"}, { \"name\": \"Krokodilfarn \\u0026#39;Crocodyllus\\u0026#39;\", \"unitPrice\" : \"\", \"compareAtPriceString\": \"\", \"priceString\": \"18,99 \u20ac\", \"compareAtPrice\": 0.0, \"price\": 18.99, \"sale\":false, \"percentage\":\"\", \"badge\": \"angebot\", \"url\": \"https://shop.plantura.garden/products/krokodilfarn-crocodyllus-microsorum-musifolium\", \"available\": true, \"availabilityInfo\":\"\", \"campaignInfo\":\"zimmerpflanzen\",\"isSet\": false, \"priceLabel\": \"\", \"compareAtPriceLabel\": \"\",\"reviewsData\":{\"reviewCount\": 1, \"reviewAverageValue\": 5.0},\"image\": \"https://shop.plantura.garden/cdn/shop/files/plantura-krokodilfarn-crocodyllus-kaufen_1476x.png?v=1693465900\",\"tags\": \"eflora,farn,h\u00e4ngend,indoor,katzenfreundlich,limited-quantity,live plants,luftreinigend,microsorum crocodyllus,pflanzen,pflegeleicht,pot-discount,special leaf,wenig licht\",\"bulletPoints\": [\"Einzigartiger Farn mit schuppig-gr\u00fcner Krokodil-Blattmusterung\",\"Luftreinigend, haustierfreundlich \\u0026 ideal f\u00fcr Einsteiger\",\"Perfekter Mitbewohner f\u00fcr Standorte mit wenig Licht\"],\"variants\" : [ {\"sku\": \"IP-MIMU-0062\",\"available\": true, \"compareAtPriceString\": \"\", \"priceString\": \"18,99 \u20ac\", \"compareAtPrice\": 0.0, \"price\": 18.99, \"sale\":false, \"percentage\":\"\", \"priceCurrency\" : \"EUR\", \"url\" : \"https://shop.plantura.garden/products/krokodilfarn-crocodyllus-microsorum-musifolium?variant=44678633259274\",\"isSet\":false}, {\"sku\": \"IP-MIMU-0043\",\"available\": true, \"compareAtPriceString\": \"\", \"priceString\": \"29,99 \u20ac\", \"compareAtPrice\": 0.0, \"price\": 29.99, \"sale\":false, \"percentage\":\"\", \"priceCurrency\" : \"EUR\", \"url\" : \"https://shop.plantura.garden/products/krokodilfarn-crocodyllus-microsorum-musifolium?variant=44678633292042\",\"isSet\":false}], \"handle\" : \"krokodilfarn-crocodyllus-microsorum-musifolium\"}, { \"name\": \"Kugel-Kiefer Botanico\u00ae \\u0026#39;Mops\\u0026#39;\", \"unitPrice\" : \"\", \"compareAtPriceString\": \"\", \"priceString\": \"35,99 \u20ac\", \"compareAtPrice\": 0.0, \"price\": 35.99, \"sale\":false, \"percentage\":\"\", \"badge\": \"angebot\", \"url\": \"https://shop.plantura.garden/products/kugel-kiefer-botanico-mops\", \"available\": true, \"availabilityInfo\":\"\", \"campaignInfo\":\"pflanzen-draussen\",\"isSet\": false, \"priceLabel\": \"\", \"compareAtPriceLabel\": \"\",\"reviewsData\":{\"reviewCount\": 3, \"reviewAverageValue\": 4.7},\"image\": \"https://shop.plantura.garden/cdn/shop/files/kugel-kiefer-mops-kaufen_1132x.png?v=1692798365\",\"tags\": \"asia,conifer,drought tolerant,jeddeloh,kiefer,kugelkiefer,live plants,outdoor,pflanzen,pine,pinus mugo,pot-discount,weihnachtsbaum,zwerg kugelkiefer\",\"bulletPoints\": [\"Dicht verzweigte Zwerg-Bergkiefer mit dunkelgr\u00fcnen Nadeln \\u0026 kompakt-kugeligem Wuchs\",\"Ideal als K\u00fcbelpflanze f\u00fcr Terrasse \\u0026 Balkon, niedrige Hecke oder f\u00fcr Steing\u00e4rten\",\"Anspruchslos, sehr gut winterhart \\u0026 stadtklimafest\"],\"variants\" : [ {\"sku\": \"OP-PIMU-0110\",\"available\": true, \"compareAtPriceString\": \"\", \"priceString\": \"35,99 \u20ac\", \"compareAtPrice\": 0.0, \"price\": 35.99, \"sale\":false, \"percentage\":\"\", \"priceCurrency\" : \"EUR\", \"url\" : \"https://shop.plantura.garden/products/kugel-kiefer-botanico-mops?variant=44327857488138\",\"isSet\":false}, {\"sku\": \"OP-PIMU-0111\",\"available\": true, \"compareAtPriceString\": \"\", \"priceString\": \"45,99 \u20ac\", \"compareAtPrice\": 0.0, \"price\": 45.99, \"sale\":false, \"percentage\":\"\", \"priceCurrency\" : \"EUR\", \"url\" : \"https://shop.plantura.garden/products/kugel-kiefer-botanico-mops?variant=44327857520906\",\"isSet\":false}, {\"sku\": \"OP-PIMU-0112\",\"available\": false, \"compareAtPriceString\": \"\", \"priceString\": \"69,99 \u20ac\", \"compareAtPrice\": 0.0, \"price\": 69.99, \"sale\":false, \"percentage\":\"\", \"priceCurrency\" : \"EUR\", \"url\" : \"https://shop.plantura.garden/products/kugel-kiefer-botanico-mops?variant=44327857553674\",\"isSet\":false}, {\"sku\": \"OP-PIMU-0113\",\"available\": false, \"compareAtPriceString\": \"\", \"priceString\": \"99,99 \u20ac\", \"compareAtPrice\": 0.0, \"price\": 99.99, \"sale\":false, \"percentage\":\"\", \"priceCurrency\" : \"EUR\", \"url\" : \"https://shop.plantura.garden/products/kugel-kiefer-botanico-mops?variant=44327857586442\",\"isSet\":false}], \"handle\" : \"kugel-kiefer-botanico-mops\"}, { \"name\": \"Kupfer-Felsenbirne\", \"unitPrice\" : \"\", \"compareAtPriceString\": \"\", \"priceString\": \"21,99 \u20ac\", \"compareAtPrice\": 0.0, \"price\": 21.99, \"sale\":false, \"percentage\":\"\", \"badge\": \"angebot\", \"url\": \"https://shop.plantura.garden/products/kupfer-felsenbirne\", \"available\": true, \"availabilityInfo\":\"\", \"campaignInfo\":\"pflanzen-draussen\",\"isSet\": false, \"priceLabel\": \"\", \"compareAtPriceLabel\": \"\",\"reviewsData\":{\"reviewCount\": 5, \"reviewAverageValue\": 4.8},\"image\": \"https://shop.plantura.garden/cdn/shop/files/kupfer-felsenbirne-kaufen_1476x.png?v=1692795915\",\"tags\": \"amelanchier,amelanchier lamarckii,beefriendly,birdfriendly,deciduous shrubs,felsenbirne,flowering shrubs,foliage,jeddeloh,korinthenbaum,kupferfelsenbirne,live plants,outdoor,pflanzen,pot-discount,spring bloomer\",\"bulletPoints\": [\"Schneewei\u00dfe Bl\u00fcten, essbare Fr\u00fcchte \\u0026 dekorative Herbstf\u00e4rbung\",\"Bienen- \\u0026 vogelfreundliches Wildobst mit kupferfarbenem Austrieb\",\"Robust, pflegeleicht \\u0026 sehr gut winterhart\"],\"variants\" : [ {\"sku\": \"OP-AMLA-0129\",\"available\": true, \"compareAtPriceString\": \"\", \"priceString\": \"21,99 \u20ac\", \"compareAtPrice\": 0.0, \"price\": 21.99, \"sale\":false, \"percentage\":\"\", \"priceCurrency\" : \"EUR\", \"url\" : \"https://shop.plantura.garden/products/kupfer-felsenbirne?variant=44327836975370\",\"isSet\":false}, {\"sku\": \"OP-AMLA-0127\",\"available\": true, \"compareAtPriceString\": \"\", \"priceString\": \"39,99 \u20ac\", \"compareAtPrice\": 0.0, \"price\": 39.99, \"sale\":false, \"percentage\":\"\", \"priceCurrency\" : \"EUR\", \"url\" : \"https://shop.plantura.garden/products/kupfer-felsenbirne?variant=44327837008138\",\"isSet\":false}, {\"sku\": \"OP-AMLA-0128\",\"available\": true, \"compareAtPriceString\": \"\", \"priceString\": \"59,99 \u20ac\", \"compareAtPrice\": 0.0, \"price\": 59.99, \"sale\":false, \"percentage\":\"\", \"priceCurrency\" : \"EUR\", \"url\" : \"https://shop.plantura.garden/products/kupfer-felsenbirne?variant=44327837040906\",\"isSet\":false}], \"handle\" : \"kupfer-felsenbirne\"}, { \"name\": \"Lampenputzergras \\u0026#39;Hameln\\u0026#39;\", \"unitPrice\" : \"\", \"compareAtPriceString\": \"\", \"priceString\": \"24,99 \u20ac\", \"compareAtPrice\": 0.0, \"price\": 24.99, \"sale\":false, \"percentage\":\"\", \"badge\": \"angebot\", \"url\": \"https://shop.plantura.garden/products/lampenputzergras-hameln\", \"available\": false, \"availabilityInfo\":\"\", \"campaignInfo\":\"pflanzen-draussen\",\"isSet\": false, \"priceLabel\": \"\", \"compareAtPriceLabel\": \"\",\"reviewsData\":{\"reviewCount\": 5, \"reviewAverageValue\": 5.0},\"image\": \"https://shop.plantura.garden/cdn/shop/files/lampenputzergras-hameln-kaufen_1181x.png?v=1692798235\",\"tags\": \"asia,federborstengras,jeddeloh,live plants,niedriges lampenputzergras,ornamental grasses,outdoor,pennisetum,pflanzen,pot-discount\",\"bulletPoints\": [\"Filigrane Halme mit langew\u00e4hrenden Bl\u00fctenb\u00fcscheln\",\"Auff\u00e4llige Herbstf\u00e4rbung von Graugr\u00fcn zu Goldgelb\\n\",\"Niedrigwachsende Sorte \u2013 wunderbar f\u00fcr Balkon \\u0026 Terrasse geeignet\\n\"],\"variants\" : [ {\"sku\": \"OP-PEAL-0121\",\"available\": false, \"compareAtPriceString\": \"\", \"priceString\": \"24,99 \u20ac\", \"compareAtPrice\": 0.0, \"price\": 24.99, \"sale\":false, \"percentage\":\"\", \"priceCurrency\" : \"EUR\", \"url\" : \"https://shop.plantura.garden/products/lampenputzergras-hameln?variant=44373906325770\",\"isSet\":false}], \"handle\" : \"lampenputzergras-hameln\"}, { \"name\": \"Lebensmittel-Mottenfallen 6 St\u00fcck\", \"unitPrice\" : \"\", \"compareAtPriceString\": \"\", \"priceString\": \"8,99 \u20ac\", \"compareAtPrice\": 0.0, \"price\": 8.99, \"sale\":false, \"percentage\":\"\", \"badge\": \"angebot\", \"url\": \"https://shop.plantura.garden/products/lebensmittel-mottenfallen\", \"available\": true, \"availabilityInfo\":\"\", \"campaignInfo\":\"pflanzenschutz\",\"isSet\": false, \"priceLabel\": \"\", \"compareAtPriceLabel\": \"\",\"reviewsData\":{\"reviewCount\": 455, \"reviewAverageValue\": 4.8},\"image\": \"https://shop.plantura.garden/cdn/shop/files/lebensmittelmottenfallen-plantura_1476x.png?v=1691135417\",\"tags\": \"category_n\u00fctzlinge-&-pflanzenschutz,d\u00f6rrobstmotte,fight moths,kakaomotte,klebefalle,Lebensmittelmotten,lebensmittelmottenfallen,mehlmotte,mottenfalle,mottenschutz,pest traps,pheromonfalle\",\"bulletPoints\": [\"6 geruchlose Leimfallen mit langanhaltender Wirkungsdauer\",\"Ideal f\u00fcr K\u00fcchen \\u0026 Vorratsr\u00e4ume zur fr\u00fchzeitigen Befallserkennung\",\"100% insektizid- \\u0026 giftfrei - hergestellt in Deutschland\"],\"variants\" : [ {\"sku\": \"FE-9U5N-U658\",\"available\": true, \"compareAtPriceString\": \"\", \"priceString\": \"8,99 \u20ac\", \"compareAtPrice\": 0.0, \"price\": 8.99, \"sale\":false, \"percentage\":\"\", \"priceCurrency\" : \"EUR\", \"url\" : \"https://shop.plantura.garden/products/lebensmittel-mottenfallen?variant=39311420686424\",\"isSet\":false}], \"handle\" : \"lebensmittel-mottenfallen\"}, { \"name\": \"Leuchterblume \\u0026#39;String of Hearts\\u0026#39;\", \"unitPrice\" : \"\", \"compareAtPriceString\": \"\", \"priceString\": \"29,99 \u20ac\", \"compareAtPrice\": 0.0, \"price\": 29.99, \"sale\":false, \"percentage\":\"\", \"badge\": \"angebot\", \"url\": \"https://shop.plantura.garden/products/leuchterblume-string-of-hearts-ceropegia-woodii\", \"available\": true, \"availabilityInfo\":\"\", \"campaignInfo\":\"zimmerpflanzen\",\"isSet\": false, \"priceLabel\": \"\", \"compareAtPriceLabel\": \"\",\"reviewsData\":{\"reviewCount\": 2, \"reviewAverageValue\": 5.0},\"image\": \"https://shop.plantura.garden/cdn/shop/files/plantura-leuchterblume-string-of-hearts-kaufen_1476x.png?v=1693466742\",\"tags\": \"ceropegia,eflora,fallschirmblume,fallschirmpflanze,h\u00e4ngend,indoor,katzenfreundlich,leuchterpflanze,limited-quantity,live plants,pflanzen,pflegeleicht,pot-discount\",\"bulletPoints\": [\"Schnell wachsende H\u00e4ngepflanze mit herzf\u00f6rmigen Bl\u00e4ttern\",\"Perfekt f\u00fcr Einsteiger: Unkompliziert \\u0026 pflegeleicht\",\"Ungiftige \\u0026 haustierfreundliche Zimmerpflanze\"],\"variants\" : [ {\"sku\": \"IP-CEWO-0025\",\"available\": true, \"compareAtPriceString\": \"\", \"priceString\": \"29,99 \u20ac\", \"compareAtPrice\": 0.0, \"price\": 29.99, \"sale\":false, \"percentage\":\"\", \"priceCurrency\" : \"EUR\", \"url\" : \"https://shop.plantura.garden/products/leuchterblume-string-of-hearts-ceropegia-woodii?variant=44678631194890\",\"isSet\":false}], \"handle\" : \"leuchterblume-string-of-hearts-ceropegia-woodii\"}, { \"name\": \"Magnolie \\u0026#39;Cleopatra\\u0026#39;\u00ae Purpurrosa-bl\u00e4ulich\", \"unitPrice\" : \"\", \"compareAtPriceString\": \"\", \"priceString\": \"72,99 \u20ac\", \"compareAtPrice\": 0.0, \"price\": 72.99, \"sale\":false, \"percentage\":\"\", \"badge\": \"angebot\", \"url\": \"https://shop.plantura.garden/products/magnolie-cleopatra-purpurrosa-blaeulich\", \"available\": true, \"availabilityInfo\":\"\", \"campaignInfo\":\"pflanzen-draussen\",\"isSet\": false, \"priceLabel\": \"\", \"compareAtPriceLabel\": \"\",\"reviewsData\":{\"reviewCount\": 0, \"reviewAverageValue\": 0.0},\"image\": \"https://shop.plantura.garden/cdn/shop/files/magnolie-cleopatra-kaufen_1772x.png?v=1691764678\",\"tags\": \"asia,beefriendly,deciduous shrubs,flowering shrubs,jeddeloh,live plants,magnolia,outdoor,pflanzen,pot-discount,spring bloomer\",\"bulletPoints\": [\"Atemberaubende, purpurrosa bis bl\u00e4uliche Bl\u00fcten von April bis Mai\",\"W\u00e4chst langsam \\u0026 kegelf\u00f6rmig \u2013 ideal als Solit\u00e4r, auch in kleinen G\u00e4rten\\n\",\"Sehr pflegeleichtes, frosthartes Ziergeh\u00f6lz mit duftenden Bl\u00fcten\"],\"variants\" : [ {\"sku\": \"OP-MACL-0291\",\"available\": true, \"compareAtPriceString\": \"\", \"priceString\": \"72,99 \u20ac\", \"compareAtPrice\": 0.0, \"price\": 72.99, \"sale\":false, \"percentage\":\"\", \"priceCurrency\" : \"EUR\", \"url\" : \"https://shop.plantura.garden/products/magnolie-cleopatra-purpurrosa-blaeulich?variant=44603044069642\",\"isSet\":false}], \"handle\" : \"magnolie-cleopatra-purpurrosa-blaeulich\"}, { \"name\": \"Magnolie \\u0026#39;Yellow Bird\\u0026#39; Gelb\", \"unitPrice\" : \"\", \"compareAtPriceString\": \"\", \"priceString\": \"72,99 \u20ac\", \"compareAtPrice\": 0.0, \"price\": 72.99, \"sale\":false, \"percentage\":\"\", \"badge\": \"angebot\", \"url\": \"https://shop.plantura.garden/products/magnolie-yellow-bird-gelb\", \"available\": true, \"availabilityInfo\":\"\", \"campaignInfo\":\"pflanzen-draussen\",\"isSet\": false, \"priceLabel\": \"\", \"compareAtPriceLabel\": \"\",\"reviewsData\":{\"reviewCount\": 4, \"reviewAverageValue\": 5.0},\"image\": \"https://shop.plantura.garden/cdn/shop/files/magnolie-yellow-bird-kaufen_1476x.png?v=1692797307\",\"tags\": \"asia,beefriendly,deciduous shrubs,flowering shrubs,jeddeloh,live plants,magnolia,outdoor,pflanzen,pot-discount,spring bloomer\",\"bulletPoints\": [\"Herrlich gro\u00dfe Bl\u00fcten in gelber Farbe von M\u00e4rz bis April\",\"Wunderbar als Solit\u00e4rpflanze \\u0026 in Asiag\u00e4rten\\n\",\"Sehr pflegeleicht, frosthart \\u0026 nicht sp\u00e4tfrost-gef\u00e4hrdet\\n\"],\"variants\" : [ {\"sku\": \"OP-MABR-0282\",\"available\": true, \"compareAtPriceString\": \"\", \"priceString\": \"72,99 \u20ac\", \"compareAtPrice\": 0.0, \"price\": 72.99, \"sale\":false, \"percentage\":\"\", \"priceCurrency\" : \"EUR\", \"url\" : \"https://shop.plantura.garden/products/magnolie-yellow-bird-gelb?variant=44373899116810\",\"isSet\":false}], \"handle\" : \"magnolie-yellow-bird-gelb\"}, { \"name\": \"Mandelb\u00e4umchen\", \"unitPrice\" : \"\", \"compareAtPriceString\": \"\", \"priceString\": \"39,99 \u20ac\", \"compareAtPrice\": 0.0, \"price\": 39.99, \"sale\":false, \"percentage\":\"\", \"badge\": \"angebot\", \"url\": \"https://shop.plantura.garden/products/mandelbaeumchen\", \"available\": true, \"availabilityInfo\":\"\", \"campaignInfo\":\"pflanzen-draussen\",\"isSet\": false, \"priceLabel\": \"\", \"compareAtPriceLabel\": \"\",\"reviewsData\":{\"reviewCount\": 3, \"reviewAverageValue\": 5.0},\"image\": \"https://shop.plantura.garden/cdn/shop/files/mandelbaeumchen-kaufen_1476x.png?v=1692798677\",\"tags\": \"asia,balcony,beefriendly,cherry blossom,deciduous shrubs,flowering shrubs,jeddeloh,live plants,mandelbaum,mandelstrauch,outdoor,pflanzen,pot-discount,prunus triloba,spring bloomer\",\"bulletPoints\": [\"Bienenfreundlicher Zierstrauch mit gef\u00fcllten, zartrosa Bl\u00fcten\",\"Pflegeleicht, kompakt \\u0026 winterhart \u2013 perfekt f\u00fcr Beet \\u0026 Topf\",\"Liebt sonnige Standorte mit humosem Boden\"],\"variants\" : [ {\"sku\": \"OP-PRTR-0158\",\"available\": true, \"compareAtPriceString\": \"\", \"priceString\": \"39,99 \u20ac\", \"compareAtPrice\": 0.0, \"price\": 39.99, \"sale\":false, \"percentage\":\"\", \"priceCurrency\" : \"EUR\", \"url\" : \"https://shop.plantura.garden/products/mandelbaeumchen?variant=44327876821258\",\"isSet\":false}], \"handle\" : \"mandelbaeumchen\"}, { \"name\": \"Maranta leuconeura \\u0026#39;Fascinator Tricolor\\u0026#39;\", \"unitPrice\" : \"\", \"compareAtPriceString\": \"\", \"priceString\": \"18,99 \u20ac\", \"compareAtPrice\": 0.0, \"price\": 18.99, \"sale\":false, \"percentage\":\"\", \"badge\": \"angebot\", \"url\": \"https://shop.plantura.garden/products/maranta-leuconeura-fascinator-tricolor\", \"available\": true, \"availabilityInfo\":\"\", \"campaignInfo\":\"zimmerpflanzen\",\"isSet\": false, \"priceLabel\": \"\", \"compareAtPriceLabel\": \"\",\"reviewsData\":{\"reviewCount\": 4, \"reviewAverageValue\": 4.0},\"image\": \"https://shop.plantura.garden/cdn/shop/files/plantura-maranta-leuconeura-fascinator-tricolor-kaufen_1476x.png?v=1693465876\",\"tags\": \"eflora,gr\u00fcnpflanzen,indoor,katzenfreundlich,limited-quantity,live plants,maranta tricolor,marante,pflanzen,pflegeleicht,pot-discount,special leaf\",\"bulletPoints\": [\"Dreifarbiger Blattschmuck: Hell- bis dunkelgr\u00fcner Farbverlauf \\u0026 pinke Blattadern\",\"Haustierfreundlich, pflegeleicht \\u0026 ideal f\u00fcr Neueinsteiger\",\"Liebt helle bis halbschattige Standorte\"],\"variants\" : [ {\"sku\": \"IP-MALE-0066\",\"available\": true, \"compareAtPriceString\": \"\", \"priceString\": \"18,99 \u20ac\", \"compareAtPrice\": 0.0, \"price\": 18.99, \"sale\":false, \"percentage\":\"\", \"priceCurrency\" : \"EUR\", \"url\" : \"https://shop.plantura.garden/products/maranta-leuconeura-fascinator-tricolor?variant=44678633193738\",\"isSet\":false}], \"handle\" : \"maranta-leuconeura-fascinator-tricolor\"}, { \"name\": \"Mauerwein \\u0026#39;Engelmannii\\u0026#39;\", \"unitPrice\" : \"\", \"compareAtPriceString\": \"\", \"priceString\": \"32,99 \u20ac\", \"compareAtPrice\": 0.0, \"price\": 32.99, \"sale\":false, \"percentage\":\"\", \"badge\": \"angebot\", \"url\": \"https://shop.plantura.garden/products/mauerwein-engelmannii\", \"available\": true, \"availabilityInfo\":\"\", \"campaignInfo\":\"pflanzen-draussen\",\"isSet\": false, \"priceLabel\": \"\", \"compareAtPriceLabel\": \"\",\"reviewsData\":{\"reviewCount\": 0, \"reviewAverageValue\": 0.0},\"image\": \"https://shop.plantura.garden/cdn/shop/files/mauerwein-engelmannii-kaufen_1476x.png?v=1692798201\",\"tags\": \"beefriendly,birdfriendly,climbing plant,drought tolerant,kletterpflanze,kletterpflanzen,live plants,outdoor,parthenocissus,parthenocissus quinquefolia,pflanzen,pot-discount,reiners,selbstklimmender mauerwein\",\"bulletPoints\": [\"Rasch wachsende Kletterpflanze mit leuchtend roter Herbstf\u00e4rbung\",\"Selbstklimmer: W\u00e4chst ohne Hilfe \\u0026 ohne Fassaden zu besch\u00e4digen\\n\",\"Absolut winterhart, pflegeleicht \\u0026 anspruchslos\"],\"variants\" : [ {\"sku\": \"OP-PAQU-0468\",\"available\": true, \"compareAtPriceString\": \"\", \"priceString\": \"32,99 \u20ac\", \"compareAtPrice\": 0.0, \"price\": 32.99, \"sale\":false, \"percentage\":\"\", \"priceCurrency\" : \"EUR\", \"url\" : \"https://shop.plantura.garden/products/mauerwein-engelmannii?variant=44601858130186\",\"isSet\":false}], \"handle\" : \"mauerwein-engelmannii\"}, { \"name\": \"Meisenkn\u00f6del mit Insektenfett 45 St\u00fcck\", \"unitPrice\" : \"\", \"compareAtPriceString\": \"\", \"priceString\": \"26,99 \u20ac\", \"compareAtPrice\": 0.0, \"price\": 26.99, \"sale\":false, \"percentage\":\"\", \"badge\": \"bestseller\", \"url\": \"https://shop.plantura.garden/products/meisenknoedel-45-stueck\", \"available\": true, \"availabilityInfo\":\"\", \"campaignInfo\":\"vogelfutter\",\"isSet\": false, \"priceLabel\": \"\", \"compareAtPriceLabel\": \"\",\"reviewsData\":{\"reviewCount\": 195, \"reviewAverageValue\": 4.8},\"image\": \"https://shop.plantura.garden/cdn/shop/files/plantura-meisenknoedel-ohne-netz_1476x.png?v=1691651530\",\"tags\": \"bestseller,birdfood,blaumeise,category_vogelfutter,feldsperling,futter,futterspender,ganzjahresfutter,ganzjahresvogelfutter,Ganzj\u00e4hrig,gartenvogel,haubenmeise,haussperling,Im Sommer,Im Winter,kernbei\u00dfer,kn\u00f6del,kohlmeise,meisenkn\u00f6delhalter,schwanzmeise,sommerfutter,star,sumpfmeise,tannenmeise,vogel,vogelfutter,vogelhaus,wildvogel,wildvogelfutter\",\"bulletPoints\": [\"Nat\u00fcrliche Meisenkn\u00f6del mit Insektenfett f\u00fcr eine gest\u00e4rkte Wildvogelpopulation\",\"Ideal zur ganzj\u00e4hrigen F\u00fctterung f\u00fcr eine Vielzahl von Gartenv\u00f6geln\",\"Ohne Plastiknetz, Ambrosia kontrolliert \\u0026 plastikfrei verpackt\"],\"variants\" : [ {\"sku\": \"ZT-D5H0-CBLC\",\"available\": true, \"compareAtPriceString\": \"\", \"priceString\": \"26,99 \u20ac\", \"compareAtPrice\": 0.0, \"price\": 26.99, \"sale\":false, \"percentage\":\"\", \"priceCurrency\" : \"EUR\", \"url\" : \"https://shop.plantura.garden/products/meisenknoedel-45-stueck?variant=33481350414424\",\"isSet\":false}], \"handle\" : \"meisenknoedel-45-stueck\"}, { \"name\": \"Mini-Ginkgobaum (nachhaltiges Geschenk)\", \"unitPrice\" : \"\", \"compareAtPriceString\": \"18,99 \u20ac\", \"priceString\": \"14,99 \u20ac\", \"compareAtPrice\": 18.99, \"price\": 14.99, \"sale\":true, \"percentage\":\"21%\", \"badge\": \"new\", \"url\": \"https://shop.plantura.garden/products/mini-ginkgobaum-nachhaltiges-geschenk\", \"available\": false, \"availabilityInfo\":\"\", \"campaignInfo\":\"geschenke\",\"isSet\": false, \"priceLabel\": \"\", \"compareAtPriceLabel\": \"\",\"reviewsData\":{\"reviewCount\": 0, \"reviewAverageValue\": 0.0},\"image\": \"https://shop.plantura.garden/cdn/shop/files/mini-ginkgobaum-kaufen_1476x.png?v=1682525015\",\"tags\": \"eflora,f\u00e4cherblattbaum,ginkgo,ginkgobaum,indoor,new,plant gifts\",\"bulletPoints\": [\"Echter Ginkgobaum im handlichen Mini-Format f\u00fcr Zuhause\",\"T\u00f6pfchen aus biologisch abbaubaren Bio-Fasern \u2013 Verpackung FSC-zertifiziert \\u0026 recycelbar\",\"Perfekte Geschenkidee: Zustellung direkt in den Briefkasten\"],\"variants\" : [ {\"sku\": \"GI-GIBI-0005\",\"available\": false, \"compareAtPriceString\": \"18,99 \u20ac\", \"priceString\": \"14,99 \u20ac\", \"compareAtPrice\": 18.99, \"price\": 14.99, \"sale\":true, \"percentage\":\"21%\", \"priceCurrency\" : \"EUR\", \"url\" : \"https://shop.plantura.garden/products/mini-ginkgobaum-nachhaltiges-geschenk?variant=44523279778058\",\"isSet\":false}], \"handle\" : \"mini-ginkgobaum-nachhaltiges-geschenk\"}, { \"name\": \"Mini-Kaffeepflanze (nachhaltiges Geschenk)\", \"unitPrice\" : \"\", \"compareAtPriceString\": \"18,99 \u20ac\", \"priceString\": \"14,99 \u20ac\", \"compareAtPrice\": 18.99, \"price\": 14.99, \"sale\":false, \"percentage\":\"21%\", \"badge\": \"new\", \"url\": \"https://shop.plantura.garden/products/mini-kaffeepflanze-nachhaltiges-geschenk\", \"available\": true, \"availabilityInfo\":\"\", \"campaignInfo\":\"geschenke\",\"isSet\": false, \"priceLabel\": \"\", \"compareAtPriceLabel\": \"\",\"reviewsData\":{\"reviewCount\": 2, \"reviewAverageValue\": 5.0},\"image\": \"https://shop.plantura.garden/cdn/shop/products/mini-kaffeepflanze-kaufen_1476x.png?v=1669804354\",\"tags\": \"coffee plant,eflora,indoor,kaffeebaum,live plants,plant gifts\",\"bulletPoints\": [\"Echte Mini-Kaffeepflanze f\u00fcr Zuhause, die sp\u00e4ter Beeren tragen kann\",\"Im umweltfreundlichen Bio-Topf \u2013 Verpackung recycelbar \\u0026 FSC-zertifiziert\",\"Lieferung in den Briefkasten: Kreative \\u0026 nachhaltige Geschenkidee f\u00fcr jeden Anlass\"],\"variants\" : [ {\"sku\": \"GI-COAR-0002\",\"available\": true, \"compareAtPriceString\": \"18,99 \u20ac\", \"priceString\": \"14,99 \u20ac\", \"compareAtPrice\": 18.99, \"price\": 14.99, \"sale\":true, \"percentage\":\"21%\", \"priceCurrency\" : \"EUR\", \"url\" : \"https://shop.plantura.garden/products/mini-kaffeepflanze-nachhaltiges-geschenk?variant=43885123272970\",\"isSet\":false}], \"handle\" : \"mini-kaffeepflanze-nachhaltiges-geschenk\"}, { \"name\": \"Mini-Kaffirlimette (nachhaltiges Geschenk)\", \"unitPrice\" : \"\", \"compareAtPriceString\": \"18,99 \u20ac\", \"priceString\": \"14,99 \u20ac\", \"compareAtPrice\": 18.99, \"price\": 14.99, \"sale\":true, \"percentage\":\"21%\", \"badge\": \"new\", \"url\": \"https://shop.plantura.garden/products/mini-kaffirlimette-nachhaltiges-geschenk\", \"available\": false, \"availabilityInfo\":\"\", \"campaignInfo\":\"geschenke\",\"isSet\": false, \"priceLabel\": \"\", \"compareAtPriceLabel\": \"\",\"reviewsData\":{\"reviewCount\": 10, \"reviewAverageValue\": 4.8},\"image\": \"https://shop.plantura.garden/cdn/shop/products/mini-kaffirlimette-kaufen_1476x.png?v=1669804336\",\"tags\": \"eflora,plant gifts\",\"bulletPoints\": [\"W\u00e4chst zu einem echten Limettenbaum heran \\u0026 kann Fr\u00fcchte tragen\",\"Umweltfreundliches T\u00f6pfchen \\u0026 recycelbare, FSC-zertifizierte Verpackung\",\"Nachhaltige \\u0026 kreative Geschenkidee: Lieferung direkt in den Briefkasten\"],\"variants\" : [ {\"sku\": \"GI-CIHY-0003\",\"available\": false, \"compareAtPriceString\": \"18,99 \u20ac\", \"priceString\": \"14,99 \u20ac\", \"compareAtPrice\": 18.99, \"price\": 14.99, \"sale\":true, \"percentage\":\"21%\", \"priceCurrency\" : \"EUR\", \"url\" : \"https://shop.plantura.garden/products/mini-kaffirlimette-nachhaltiges-geschenk?variant=43885123174666\",\"isSet\":false}], \"handle\" : \"mini-kaffirlimette-nachhaltiges-geschenk\"}, { \"name\": \"Mini-K\u00fcstenmammutbaum (nachhaltiges Geschenk)\", \"unitPrice\" : \"\", \"compareAtPriceString\": \"18,99 \u20ac\", \"priceString\": \"14,99 \u20ac\", \"compareAtPrice\": 18.99, \"price\": 14.99, \"sale\":false, \"percentage\":\"21%\", \"badge\": \"new\", \"url\": \"https://shop.plantura.garden/products/mini-kuestenmammutbaum-nachhaltiges-geschenk\", \"available\": true, \"availabilityInfo\":\"\", \"campaignInfo\":\"geschenke\",\"isSet\": false, \"priceLabel\": \"\", \"compareAtPriceLabel\": \"\",\"reviewsData\":{\"reviewCount\": 8, \"reviewAverageValue\": 4.8},\"image\": \"https://shop.plantura.garden/cdn/shop/products/mini-kuestenmammutbaum-kaufen_1476x.png?v=1669804409\",\"tags\": \"eflora,plant gifts\",\"bulletPoints\": [\"Der h\u00f6chste Baum der Welt im handlichen Mini-Format\",\"Im umweltfreundlichen Topf aus Bio-Faser \u2013 Verpackung FSC-zertifiziert \\u0026 recycelbar\",\"Perfekte Geschenkidee: Zustellung direkt in den Briefkasten\"],\"variants\" : [ {\"sku\": \"GI-SESE-0004\",\"available\": true, \"compareAtPriceString\": \"18,99 \u20ac\", \"priceString\": \"14,99 \u20ac\", \"compareAtPrice\": 18.99, \"price\": 14.99, \"sale\":true, \"percentage\":\"21%\", \"priceCurrency\" : \"EUR\", \"url\" : \"https://shop.plantura.garden/products/mini-kuestenmammutbaum-nachhaltiges-geschenk?variant=43885124321546\",\"isSet\":false}], \"handle\" : \"mini-kuestenmammutbaum-nachhaltiges-geschenk\"}, { \"name\": \"Mini-Olivenbaum (nachhaltiges Geschenk)\", \"unitPrice\" : \"\", \"compareAtPriceString\": \"18,99 \u20ac\", \"priceString\": \"14,99 \u20ac\", \"compareAtPrice\": 18.99, \"price\": 14.99, \"sale\":false, \"percentage\":\"21%\", \"badge\": \"new\", \"url\": \"https://shop.plantura.garden/products/mini-olivenbaum-nachhaltiges-geschenk\", \"available\": true, \"availabilityInfo\":\"\", \"campaignInfo\":\"geschenke\",\"isSet\": false, \"priceLabel\": \"\", \"compareAtPriceLabel\": \"\",\"reviewsData\":{\"reviewCount\": 4, \"reviewAverageValue\": 5.0},\"image\": \"https://shop.plantura.garden/cdn/shop/products/mini-olivenbaum-kaufen_1476x.png?v=1669804390\",\"tags\": \"eflora,plant gifts\",\"bulletPoints\": [\"Echter Mini-Olivenbaum f\u00fcr mediterranes Flair zuhause\",\"T\u00f6pfchen aus biologisch abbaubaren Bio-Fasern \u2013 Verpackung FSC-zertifiziert \\u0026 recycelbar\",\"Lieferung direkt in den Briefkasten: Nachhaltige Geschenkidee f\u00fcr jeden Anlass\"],\"variants\" : [ {\"sku\": \"GI-OLEU-0001\",\"available\": true, \"compareAtPriceString\": \"18,99 \u20ac\", \"priceString\": \"14,99 \u20ac\", \"compareAtPrice\": 18.99, \"price\": 14.99, \"sale\":true, \"percentage\":\"21%\", \"priceCurrency\" : \"EUR\", \"url\" : \"https://shop.plantura.garden/products/mini-olivenbaum-nachhaltiges-geschenk?variant=43885124223242\",\"isSet\":false}], \"handle\" : \"mini-olivenbaum-nachhaltiges-geschenk\"}, { \"name\": \"Mittelmeer-Schneeball \\u0026#39;Lisarose\u00ae\\u0026#39; Wei\u00df\", \"unitPrice\" : \"\", \"compareAtPriceString\": \"\", \"priceString\": \"29,99 \u20ac\", \"compareAtPrice\": 0.0, \"price\": 29.99, \"sale\":false, \"percentage\":\"\", \"badge\": \"new\", \"url\": \"https://shop.plantura.garden/products/mittelmeer-schneeball-lisarose-weiss\", \"available\": true, \"availabilityInfo\":\"\", \"campaignInfo\":\"pflanzen-draussen\",\"isSet\": false, \"priceLabel\": \"\", \"compareAtPriceLabel\": \"\",\"reviewsData\":{\"reviewCount\": 7, \"reviewAverageValue\": 5.0},\"image\": \"https://shop.plantura.garden/cdn/shop/files/mittelmeer-schneeball-lisarose_1181x.png?v=1692806783\",\"tags\": \"flowering shrubs,immergr\u00fcner schneeball,jeddeloh,live plants,lorbeerbl\u00e4ttriger schneeball,lorbeerschneeball,outdoor,pflanzen,pot-discount,schneeball,spring bloomer,viburnum,viburnum tinus\",\"bulletPoints\": [\"Insektenfreundlicher Winterbl\u00fcher mit wei\u00dfen, duftenden Doldenbl\u00fcten\",\"Ganzj\u00e4hriger Schmuck f\u00fcr Garten, Balkon oder Terrasse \u2013 auch als Formgeh\u00f6lz\",\"Steht gerne vollsonnig auf n\u00e4hrstoffreichem, durchl\u00e4ssigem Boden\"],\"variants\" : [ {\"sku\": \"OP-VITI-0037\",\"available\": true, \"compareAtPriceString\": \"\", \"priceString\": \"29,99 \u20ac\", \"compareAtPrice\": 0.0, \"price\": 29.99, \"sale\":false, \"percentage\":\"\", \"priceCurrency\" : \"EUR\", \"url\" : \"https://shop.plantura.garden/products/mittelmeer-schneeball-lisarose-weiss?variant=43655009435914\",\"isSet\":false}], \"handle\" : \"mittelmeer-schneeball-lisarose-weiss\"}, { \"name\": \"M\u00f6nchspfeffer \\u0026#39;Delta Blues\u00ae\\u0026#39; Blau\", \"unitPrice\" : \"\", \"compareAtPriceString\": \"\", \"priceString\": \"24,99 \u20ac\", \"compareAtPrice\": 0.0, \"price\": 24.99, \"sale\":false, \"percentage\":\"\", \"badge\": \"new\", \"url\": \"https://shop.plantura.garden/products/moenchspfeffer-delta-blues-blau\", \"available\": true, \"availabilityInfo\":\"\", \"campaignInfo\":\"pflanzen-draussen\",\"isSet\": false, \"priceLabel\": \"\", \"compareAtPriceLabel\": \"\",\"reviewsData\":{\"reviewCount\": 7, \"reviewAverageValue\": 4.9},\"image\": \"https://shop.plantura.garden/cdn/shop/files/plantura-moenchspfeffer-delta-blues_1181x.png?v=1692806212\",\"tags\": \"beefriendly,drought tolerant,flowering shrubs,jeddeloh,keuschbaum,keuschlamm,liebfrauenbettstroh,live plants,outdoor,pflanzen,pot-discount,vitex,vitex agnus castus\",\"bulletPoints\": [\"Duftende, violett-blaue Bl\u00fctenrispen mit sp\u00e4tsommerlicher Bl\u00fctezeit\",\"Wichtige Nahrungsquelle f\u00fcr verschiedene Insekten\",\"Liebt vollsonnige Standorte mit n\u00e4hrstoffreichen B\u00f6den\"],\"variants\" : [ {\"sku\": \"OP-VITE-0031\",\"available\": true, \"compareAtPriceString\": \"\", \"priceString\": \"24,99 \u20ac\", \"compareAtPrice\": 0.0, \"price\": 24.99, \"sale\":false, \"percentage\":\"\", \"priceCurrency\" : \"EUR\", \"url\" : \"https://shop.plantura.garden/products/moenchspfeffer-delta-blues-blau?variant=43791013675274\",\"isSet\":false}], \"handle\" : \"moenchspfeffer-delta-blues-blau\"}, { \"name\": \"Monstera Liebhaber-Set (3 Stk.)\", \"unitPrice\" : \"\", \"compareAtPriceString\": \"74,97 \u20ac\", \"priceString\": \"64,99 \u20ac\", \"compareAtPrice\": 74.97, \"price\": 64.99, \"sale\":false, \"percentage\":\"13%\", \"badge\": \"angebot\", \"url\": \"https://shop.plantura.garden/products/monstera-liebhaber-set-3-stueck\", \"available\": true, \"availabilityInfo\":\"\", \"campaignInfo\":\"zimmerpflanzen\",\"isSet\": true, \"priceLabel\": \"Im Set\", \"compareAtPriceLabel\": \"Einzeln\",\"reviewsData\":{\"reviewCount\": 5, \"reviewAverageValue\": 3.6},\"image\": \"https://shop.plantura.garden/cdn/shop/products/plantura-monstera-arten-set-kaufen_1476x.png?v=1663154804\",\"tags\": \"angebot,bundle,eflora,gr\u00fcnpflanzen,h\u00e4ngend,indoor,live plants,monstera,pflanzen,pflanzenset,pot-discount,set\",\"bulletPoints\": [\"Zimmerpflanzen-Set mit 3 unterschiedlichen Monstera-Arten\",\"Pflegeleicht, unkompliziert \\u0026 f\u00fcr viele Standorte geeignet\",\"Monstera Monkey Leaf, Monstera minima \\u0026 Monstera deliciosa\"],\"variants\" : [ {\"sku\": \"IB-COMO-0007\",\"available\": true, \"compareAtPriceString\": \"74,97 \u20ac\", \"priceString\": \"64,99 \u20ac\", \"compareAtPrice\": 74.97, \"price\": 64.99, \"sale\":true, \"percentage\":\"13%\", \"priceCurrency\" : \"EUR\", \"url\" : \"https://shop.plantura.garden/products/monstera-liebhaber-set-3-stueck?variant=43725387923722\",\"isSet\":true }], \"handle\" : \"monstera-liebhaber-set-3-stueck\"}, { \"name\": \"Monstera minima\", \"unitPrice\" : \"\", \"compareAtPriceString\": \"\", \"priceString\": \"19,99 \u20ac\", \"compareAtPrice\": 0.0, \"price\": 19.99, \"sale\":false, \"percentage\":\"\", \"badge\": \"angebot\", \"url\": \"https://shop.plantura.garden/products/monstera-minima-raphidophora-tetrasperma\", \"available\": true, \"availabilityInfo\":\"\", \"campaignInfo\":\"zimmerpflanzen\",\"isSet\": false, \"priceLabel\": \"\", \"compareAtPriceLabel\": \"\",\"reviewsData\":{\"reviewCount\": 6, \"reviewAverageValue\": 4.8},\"image\": \"https://shop.plantura.garden/cdn/shop/products/plantura-monstera-minima-kaufen_1476x.png?v=1663156221\",\"tags\": \"eflora,h\u00e4ngend,indoor,kleine zimmerpflanzen,live plants,luftreinigend,monstera,pflanzen,pflegeleicht,pot-discount,wenig licht\",\"bulletPoints\": [\"Klein, aber fein: Luftreinigende Mini-Monstera als H\u00e4nge- oder Kletterpflanze\",\"Sehr anf\u00e4ngerfreundlich, unkompliziert \\u0026 leicht zu vermehren\",\"F\u00fcr alle R\u00e4ume geeignet \u2013 steht gerne hell bis halbschattig\"],\"variants\" : [ {\"sku\": \"IP-RHTE-0004\",\"available\": true, \"compareAtPriceString\": \"\", \"priceString\": \"19,99 \u20ac\", \"compareAtPrice\": 0.0, \"price\": 19.99, \"sale\":false, \"percentage\":\"\", \"priceCurrency\" : \"EUR\", \"url\" : \"https://shop.plantura.garden/products/monstera-minima-raphidophora-tetrasperma?variant=43725405782282\",\"isSet\":false}], \"handle\" : \"monstera-minima-raphidophora-tetrasperma\"}, { \"name\": \"Monstera Monkey Leaf\", \"unitPrice\" : \"\", \"compareAtPriceString\": \"\", \"priceString\": \"21,99 \u20ac\", \"compareAtPrice\": 0.0, \"price\": 21.99, \"sale\":false, \"percentage\":\"\", \"badge\": \"angebot\", \"url\": \"https://shop.plantura.garden/products/monstera-monkey-leaf-monstera-adansonii\", \"available\": true, \"availabilityInfo\":\"\", \"campaignInfo\":\"zimmerpflanzen\",\"isSet\": false, \"priceLabel\": \"\", \"compareAtPriceLabel\": \"\",\"reviewsData\":{\"reviewCount\": 11, \"reviewAverageValue\": 4.5},\"image\": \"https://shop.plantura.garden/cdn/shop/products/plantura-monstera-monkey-leaf-kaufen_1476x.png?v=1663155969\",\"tags\": \"eflora,h\u00e4ngend,indoor,kleine zimmerpflanzen,live plants,luftreinigend,monstera,pflanzen,pflegeleicht,pot-discount\",\"bulletPoints\": [\"Vielseitig einsetzbar als H\u00e4nge- oder Kletterpflanze mit auff\u00e4llig geschlitzten Bl\u00e4ttern\",\"Unkomplizierte \\u0026 pflegeleichte Mitbewohnerin mit luftreinigender Wirkung\",\"Hingucker an jedem hellen oder halbschattigen Standort\"],\"variants\" : [ {\"sku\": \"IP-MOAD-0003\",\"available\": true, \"compareAtPriceString\": \"\", \"priceString\": \"21,99 \u20ac\", \"compareAtPrice\": 0.0, \"price\": 21.99, \"sale\":false, \"percentage\":\"\", \"priceCurrency\" : \"EUR\", \"url\" : \"https://shop.plantura.garden/products/monstera-monkey-leaf-monstera-adansonii?variant=43725401719050\",\"isSet\":false}], \"handle\" : \"monstera-monkey-leaf-monstera-adansonii\"}, { \"name\": \"Nematoden-Kapseln zur Trauerm\u00fccken-Pr\u00e4vention\", \"unitPrice\" : \"\", \"compareAtPriceString\": \"19,99 \u20ac\", \"priceString\": \"15,99 \u20ac\", \"compareAtPrice\": 19.99, \"price\": 15.99, \"sale\":false, \"percentage\":\"20%\", \"badge\": \"new\", \"url\": \"https://shop.plantura.garden/products/nematoden-kapseln\", \"available\": true, \"availabilityInfo\":\"\", \"campaignInfo\":\"\",\"isSet\": false, \"priceLabel\": \"\", \"compareAtPriceLabel\": \"\",\"reviewsData\":{\"reviewCount\": 0, \"reviewAverageValue\": 0.0},\"image\": \"https://shop.plantura.garden/cdn/shop/files/nematoden-kapseln-kaufen-trauermuecken-vorbeugen_1476x.png?v=1696409203\",\"tags\": \"alginat,fadenw\u00fcrmer,fight fungus gnats,nemathoden,nematoden kapseln,nematodes,new,n\u00fctzling,n\u00fctzlinge,schwarze fliegen,sf nematoden,trauerfliege,trauerfliegen,trauerm\u00fccke,Trauerm\u00fccken,trauerm\u00fccken bek\u00e4mpfen,trauerm\u00fccken vorbeugen\",\"bulletPoints\": [\"Weltneuheit: 1. effektive \\u0026 vorbeugende L\u00f6sung gegen Trauerm\u00fccken\",\"\u00dcber 6 Wochen Wirkdauer: SF-Nematoden in selbstaufl\u00f6senden Alginat-Kapseln\",\"100% biologisch: N\u00fctzlinge gegen Trauerm\u00fccken\"],\"variants\" : [ {\"sku\": \"SF-4L6I-200K\",\"available\": true, \"compareAtPriceString\": \"19,99 \u20ac\", \"priceString\": \"15,99 \u20ac\", \"compareAtPrice\": 19.99, \"price\": 15.99, \"sale\":true, \"percentage\":\"20%\", \"priceCurrency\" : \"EUR\", \"url\" : \"https://shop.plantura.garden/products/nematoden-kapseln?variant=44751515353354\",\"isSet\":false}], \"handle\" : \"nematoden-kapseln\"}, { \"name\": \"N\u00fctzlingsmagnet 150 g\", \"unitPrice\" : \"Grundpreis: 66,60 \u20ac/kg\", \"compareAtPriceString\": \"\", \"priceString\": \"9,99 \u20ac\", \"compareAtPrice\": 0.0, \"price\": 9.99, \"sale\":false, \"percentage\":\"\", \"badge\": \"new\", \"url\": \"https://shop.plantura.garden/products/nuetzlingsmagnet-150-g\", \"available\": true, \"availabilityInfo\":\"\", \"campaignInfo\":\"saatgut\",\"isSet\": false, \"priceLabel\": \"\", \"compareAtPriceLabel\": \"\",\"reviewsData\":{\"reviewCount\": 82, \"reviewAverageValue\": 4.8},\"image\": \"https://shop.plantura.garden/cdn/shop/files/nuetzlingsmagnet-plantura_1476x.png?v=1691137545\",\"tags\": \"aussaat,balkon,beefriendly seeds,bienen,bienenwiese,blumen,blumensamen,blumenwiese,category_saatgut,green-week-22,greenweek-geschenkideen,insekten,insektenhotel,insektenweide,marienk\u00e4fer,mohn,n\u00fctzlinge,phacelia,ringelblume,saatgut,samen,sonnenblumen,sonnenhut,tagetes,wildblumen\",\"bulletPoints\": [\"Pflegeleichte Blumenmischung aus \u00fcber 20 ein- \\u0026 mehrj\u00e4hrigen Arten\",\"Bietet Bienen, Schmetterlingen \\u0026 Co. ein reiches Nahrungsangebot \",\"Premium-N\u00fctzlingsmagnet mit Experten entwickelt\"],\"variants\" : [ {\"sku\": \"IW-PICK-LS0G\",\"available\": true, \"compareAtPriceString\": \"\", \"priceString\": \"9,99 \u20ac\", \"compareAtPrice\": 0.0, \"price\": 9.99, \"sale\":false, \"percentage\":\"\", \"priceCurrency\" : \"EUR\", \"url\" : \"https://shop.plantura.garden/products/nuetzlingsmagnet-150-g?variant=33327291039832\",\"isSet\":false}, {\"sku\": \"ZT-TIDK-C7YU\",\"available\": true, \"compareAtPriceString\": \"19,98 \u20ac\", \"priceString\": \"18,99 \u20ac\", \"compareAtPrice\": 19.98, \"price\": 18.99, \"sale\":true, \"percentage\":\"5%\", \"priceCurrency\" : \"EUR\", \"url\" : \"https://shop.plantura.garden/products/nuetzlingsmagnet-150-g?variant=33327291072600\",\"isSet\":true }, {\"sku\": \"77-4DCX-YWLN\",\"available\": true, \"compareAtPriceString\": \"39,96 \u20ac\", \"priceString\": \"36,99 \u20ac\", \"compareAtPrice\": 39.96, \"price\": 36.99, \"sale\":true, \"percentage\":\"7%\", \"priceCurrency\" : \"EUR\", \"url\" : \"https://shop.plantura.garden/products/nuetzlingsmagnet-150-g?variant=33327291105368\",\"isSet\":true }, {\"sku\": \"XC-3E4F-NS1Z\",\"available\": true, \"compareAtPriceString\": \"99,90 \u20ac\", \"priceString\": \"89,99 \u20ac\", \"compareAtPrice\": 99.9, \"price\": 89.99, \"sale\":true, \"percentage\":\"10%\", \"priceCurrency\" : \"EUR\", \"url\" : \"https://shop.plantura.garden/products/nuetzlingsmagnet-150-g?variant=33327291138136\",\"isSet\":true }], \"handle\" : \"nuetzlingsmagnet-150-g\"}, { \"name\": \"Orangenblume \\u0026#39;Sundance\\u0026#39; Wei\u00df\", \"unitPrice\" : \"\", \"compareAtPriceString\": \"\", \"priceString\": \"26,99 \u20ac\", \"compareAtPrice\": 0.0, \"price\": 26.99, \"sale\":false, \"percentage\":\"\", \"badge\": \"new\", \"url\": \"https://shop.plantura.garden/products/orangenblume-sundance-weiss\", \"available\": false, \"availabilityInfo\":\"\", \"campaignInfo\":\"pflanzen-draussen\",\"isSet\": false, \"priceLabel\": \"\", \"compareAtPriceLabel\": \"\",\"reviewsData\":{\"reviewCount\": 2, \"reviewAverageValue\": 3.0},\"image\": \"https://shop.plantura.garden/cdn/shop/files/orangenblume-sundance-kaufen_1476x.png?v=1692796421\",\"tags\": \"balcony,beefriendly,choisya,choisya ternata,evergreen,flowering shrubs,jeddeloh,live plants,outdoor,pflanzen,pot-discount\",\"bulletPoints\": [\"Nach Orangen duftende, bienenfreundliche Bl\u00fcten in strahlendem Wei\u00df\",\"Immergr\u00fcnes Laub mit goldgelbem Austrieb\",\"Dichter \\u0026 kompakter Wuchs: Ideal f\u00fcr Beet \\u0026 Topf\"],\"variants\" : [ {\"sku\": \"OP-CHTE-0426\",\"available\": false, \"compareAtPriceString\": \"\", \"priceString\": \"26,99 \u20ac\", \"compareAtPrice\": 0.0, \"price\": 26.99, \"sale\":false, \"percentage\":\"\", \"priceCurrency\" : \"EUR\", \"url\" : \"https://shop.plantura.garden/products/orangenblume-sundance-weiss?variant=44601856721162\",\"isSet\":false}], \"handle\" : \"orangenblume-sundance-weiss\"}, { \"name\": \"Pampasgras \\u0026#39;Evita\\u0026#39;\", \"unitPrice\" : \"\", \"compareAtPriceString\": \"\", \"priceString\": \"28,99 \u20ac\", \"compareAtPrice\": 0.0, \"price\": 28.99, \"sale\":false, \"percentage\":\"\", \"badge\": \"new\", \"url\": \"https://shop.plantura.garden/products/pampasgras-evita\", \"available\": true, \"availabilityInfo\":\"\", \"campaignInfo\":\"pflanzen-draussen\",\"isSet\": false, \"priceLabel\": \"\", \"compareAtPriceLabel\": \"\",\"reviewsData\":{\"reviewCount\": 0, \"reviewAverageValue\": 0.0},\"image\": \"https://shop.plantura.garden/cdn/shop/files/pampasgras-evita-kaufen_1476x.png?v=1692796606\",\"tags\": \"balcony,cortaderia,jeddeloh,live plants,ornamental grasses,outdoor,pampas grass,pflanzen,pot-discount,ziergras\",\"bulletPoints\": [\"Beeindruckende, gelblich-silbrige Bl\u00fctenwedel in den Herbstmonaten\",\"Perfekt als Dekoration in Trockengestecken \\u0026 Vasen\",\"Kompakte Wuchsform: Ideal f\u00fcr den Topf \\u0026 Staudenbeete\\n\"],\"variants\" : [ {\"sku\": \"OP-COSE-0358\",\"available\": true, \"compareAtPriceString\": \"\", \"priceString\": \"28,99 \u20ac\", \"compareAtPrice\": 0.0, \"price\": 28.99, \"sale\":false, \"percentage\":\"\", \"priceCurrency\" : \"EUR\", \"url\" : \"https://shop.plantura.garden/products/pampasgras-evita?variant=44601856819466\",\"isSet\":false}], \"handle\" : \"pampasgras-evita\"}, { \"name\": \"Pampasgras \\u0026#39;Pumila\\u0026#39;\", \"unitPrice\" : \"\", \"compareAtPriceString\": \"\", \"priceString\": \"28,99 \u20ac\", \"compareAtPrice\": 0.0, \"price\": 28.99, \"sale\":false, \"percentage\":\"\", \"badge\": \"new\", \"url\": \"https://shop.plantura.garden/products/pampasgras-pumila\", \"available\": true, \"availabilityInfo\":\"\", \"campaignInfo\":\"pflanzen-draussen\",\"isSet\": false, \"priceLabel\": \"\", \"compareAtPriceLabel\": \"\",\"reviewsData\":{\"reviewCount\": 5, \"reviewAverageValue\": 4.8},\"image\": \"https://shop.plantura.garden/cdn/shop/files/pampasgras-pumila-kaufen_d63860b4-2600-446d-b54c-704c3e1f6d3e_1329x.png?v=1691763558\",\"tags\": \"asia,cortaderia,jeddeloh,live plants,ornamental grasses,outdoor,pampas grass,pflanzen,pot-discount,ziergras\",\"bulletPoints\": [\"Imposante wei\u00dfe Bl\u00fctenwedel in den Herbstmonaten\",\"Wundersch\u00f6ne Dekoration f\u00fcr Vasen \\u0026 Trockengestecke\\n\",\"Kompaktes Ziergras f\u00fcr gro\u00dfe \\u0026 auch kleine G\u00e4rten\\n\"],\"variants\" : [ {\"sku\": \"OP-COSE-0288\",\"available\": true, \"compareAtPriceString\": \"\", \"priceString\": \"28,99 \u20ac\", \"compareAtPrice\": 0.0, \"price\": 28.99, \"sale\":false, \"percentage\":\"\", \"priceCurrency\" : \"EUR\", \"url\" : \"https://shop.plantura.garden/products/pampasgras-pumila?variant=44602676379914\",\"isSet\":false}, {\"sku\": \"OP-COSE-0357\",\"available\": true, \"compareAtPriceString\": \"\", \"priceString\": \"59,99 \u20ac\", \"compareAtPrice\": 0.0, \"price\": 59.99, \"sale\":false, \"percentage\":\"\", \"priceCurrency\" : \"EUR\", \"url\" : \"https://shop.plantura.garden/products/pampasgras-pumila?variant=44373879292170\",\"isSet\":false}], \"handle\" : \"pampasgras-pumila\"}, { \"name\": \"Peperomia argyreia \\u0026#39;Watermelon\\u0026#39;\", \"unitPrice\" : \"\", \"compareAtPriceString\": \"\", \"priceString\": \"16,99 \u20ac\", \"compareAtPrice\": 0.0, \"price\": 16.99, \"sale\":false, \"percentage\":\"\", \"badge\": \"new\", \"url\": \"https://shop.plantura.garden/products/peperomia-argyreia-watermelon\", \"available\": true, \"availabilityInfo\":\"\", \"campaignInfo\":\"zimmerpflanzen\",\"isSet\": false, \"priceLabel\": \"\", \"compareAtPriceLabel\": \"\",\"reviewsData\":{\"reviewCount\": 3, \"reviewAverageValue\": 4.7},\"image\": \"https://shop.plantura.garden/cdn/shop/files/plantura-peperomia-argyreia-watermelon-kaufen_1476x.png?v=1693465978\",\"tags\": \"eflora,gr\u00fcnpflanzen,indoor,kaktus,katzenfreundlich,limited-quantity,live plants,peperomia,peperomia wassermelone,pfeffergesicht,pflanzen,pflegeleicht,pot-discount,special leaf,succulents,sukkulente,wassermelonen peperomie,zwergpfeffer,zwergpfeffer wassermelone\",\"bulletPoints\": [\"Schimmernd gestreifte Bl\u00e4tter \u2013 wie bei einer Wassermelone\",\"Ungiftige Zimmerpflanze f\u00fcr T\u00f6pfe \\u0026 H\u00e4ngeampeln\",\"Pflegeleicht \\u0026 einsteigerfreundlich: Verzeiht Pflegefehler\"],\"variants\" : [ {\"sku\": \"IP-PEAR-0071\",\"available\": true, \"compareAtPriceString\": \"\", \"priceString\": \"16,99 \u20ac\", \"compareAtPrice\": 0.0, \"price\": 16.99, \"sale\":false, \"percentage\":\"\", \"priceCurrency\" : \"EUR\", \"url\" : \"https://shop.plantura.garden/products/peperomia-argyreia-watermelon?variant=44678636175626\",\"isSet\":false}], \"handle\" : \"peperomia-argyreia-watermelon\"}, { \"name\": \"Peperomia obtusifolia \\u0026#39;Greengold\\u0026#39;\", \"unitPrice\" : \"\", \"compareAtPriceString\": \"\", \"priceString\": \"16,99 \u20ac\", \"compareAtPrice\": 0.0, \"price\": 16.99, \"sale\":false, \"percentage\":\"\", \"badge\": \"new\", \"url\": \"https://shop.plantura.garden/products/peperomia-obtusifolia-greengold\", \"available\": true, \"availabilityInfo\":\"\", \"campaignInfo\":\"zimmerpflanzen\",\"isSet\": false, \"priceLabel\": \"\", \"compareAtPriceLabel\": \"\",\"reviewsData\":{\"reviewCount\": 2, \"reviewAverageValue\": 5.0},\"image\": \"https://shop.plantura.garden/cdn/shop/files/plantura-peperomia-obtusifolia-greengold-kaufen_1476x.png?v=1693466004\",\"tags\": \"eflora,fleischige peperomia,fleischige peperomie,gr\u00fcnpflanzen,indoor,kaktus,katzenfreundlich,limited-quantity,live plants,peperomia,pfeffergesicht,pflanzen,pflegeleicht,pot-discount,succulents,sukkulente,zwergpfeffer\",\"bulletPoints\": [\"Kompakte Zimmerpflanze mit dickfleischigen, gr\u00fcnen Bl\u00e4tter\",\"Pflegeleicht \\u0026 robust \u2013 auch f\u00fcr Einsteiger geeignet \",\"Ungiftig \\u0026 haustierfreundlich: Perfekt f\u00fcr Tierfreunde\"],\"variants\" : [ {\"sku\": \"IP-PEOB-0072\",\"available\": true, \"compareAtPriceString\": \"\", \"priceString\": \"16,99 \u20ac\", \"compareAtPrice\": 0.0, \"price\": 16.99, \"sale\":false, \"percentage\":\"\", \"priceCurrency\" : \"EUR\", \"url\" : \"https://shop.plantura.garden/products/peperomia-obtusifolia-greengold?variant=44678636470538\",\"isSet\":false}], \"handle\" : \"peperomia-obtusifolia-greengold\"}, { \"name\": \"Pflegeleichte Klassiker Bl\u00fctenpracht (4er Set)\", \"unitPrice\" : \"\", \"compareAtPriceString\": \"99,96 \u20ac\", \"priceString\": \"89,99 \u20ac\", \"compareAtPrice\": 99.96, \"price\": 89.99, \"sale\":false, \"percentage\":\"10%\", \"badge\": \"angebot\", \"url\": \"https://shop.plantura.garden/products/pflegeleichte-klassiker-bluetenpracht-4er-set\", \"available\": true, \"availabilityInfo\":\"\", \"campaignInfo\":\"pflanzen-draussen\",\"isSet\": true, \"priceLabel\": \"Im Set\", \"compareAtPriceLabel\": \"Einzeln\",\"reviewsData\":{\"reviewCount\": 2, \"reviewAverageValue\": 5.0},\"image\": \"https://shop.plantura.garden/cdn/shop/files/set-pflegeleichte-straeucher-bluetenpracht-kaufen_1181x.png?v=1691762473\",\"tags\": \"angebot,bundle,deciduous shrubs,deutzia,flowering shrubs,forsythia,jeddeloh,live plants,outdoor,pflanzen,pflegeleichte b\u00fcsche,pflegeleichte gartenstr\u00e4ucher,pflegeleichte str\u00e4ucher,pot-discount,set,spring bloomer,str\u00e4ucher pflegeleicht,weigela\",\"bulletPoints\": [\"Pflegeleichte Klassiker f\u00fcr den Garten: Forsythie, Deutzie \\u0026 Weigelien\",\"Lange Bl\u00fctezeit von M\u00e4rz bis in den Sommer\",\"Ideal als Bl\u00fctenhecke, Sichtschutz oder als einzelne Hingucker\"],\"variants\" : [ {\"sku\": \"OB-DEMA-0007\",\"available\": true, \"compareAtPriceString\": \"99,96 \u20ac\", \"priceString\": \"89,99 \u20ac\", \"compareAtPrice\": 99.96, \"price\": 89.99, \"sale\":true, \"percentage\":\"10%\", \"priceCurrency\" : \"EUR\", \"url\" : \"https://shop.plantura.garden/products/pflegeleichte-klassiker-bluetenpracht-4er-set?variant=44327832486154\",\"isSet\":true }], \"handle\" : \"pflegeleichte-klassiker-bluetenpracht-4er-set\"}, { \"name\": \"Pflegeleichte Klassiker Laubsch\u00f6n (4er Set)\", \"unitPrice\" : \"\", \"compareAtPriceString\": \"104,96 \u20ac\", \"priceString\": \"94,99 \u20ac\", \"compareAtPrice\": 104.96, \"price\": 94.99, \"sale\":true, \"percentage\":\"9%\", \"badge\": \"angebot\", \"url\": \"https://shop.plantura.garden/products/pflegeleichte-klassiker-laubschoen-4er-set\", \"available\": false, \"availabilityInfo\":\"\", \"campaignInfo\":\"pflanzen-draussen\",\"isSet\": true, \"priceLabel\": \"Im Set\", \"compareAtPriceLabel\": \"Einzeln\",\"reviewsData\":{\"reviewCount\": 1, \"reviewAverageValue\": 5.0},\"image\": \"https://shop.plantura.garden/cdn/shop/files/set-pflegeleichte-straeucher-laubschoen-kaufen_1230x.png?v=1692795683\",\"tags\": \"angebot,bundle,colkwitzia,deciduous shrubs,flowering shrubs,foliage,jeddeloh,live plants,outdoor,pflanzen,pflegeleichte b\u00fcsche,pflegeleichte gartenstr\u00e4ucher,pflegeleichte str\u00e4ucher,physocarpus,pot-discount,set,smoke tree,str\u00e4ucher pflegeleicht\",\"bulletPoints\": [\"Pflegeleichtes Str\u00e4ucher-Set mit spektakul\u00e4rem Laub\",\"Laubfarben von Goldorange \\u0026 Dunkelrot bis Gelbgr\u00fcn\",\"Ideal als Sichtschutz, Hecke oder als einzelne Hingucker\"],\"variants\" : [ {\"sku\": \"OB-COCO-0008\",\"available\": false, \"compareAtPriceString\": \"104,96 \u20ac\", \"priceString\": \"94,99 \u20ac\", \"compareAtPrice\": 104.96, \"price\": 94.99, \"sale\":true, \"percentage\":\"9%\", \"priceCurrency\" : \"EUR\", \"url\" : \"https://shop.plantura.garden/products/pflegeleichte-klassiker-laubschoen-4er-set?variant=44327827210506\",\"isSet\":true }], \"handle\" : \"pflegeleichte-klassiker-laubschoen-4er-set\"}, { \"name\": \"Pflegeleichte Zimmerpflanzen (4er Set)\", \"unitPrice\" : \"\", \"compareAtPriceString\": \"99,96 \u20ac\", \"priceString\": \"84,99 \u20ac\", \"compareAtPrice\": 99.96, \"price\": 84.99, \"sale\":false, \"percentage\":\"15%\", \"badge\": \"angebot\", \"url\": \"https://shop.plantura.garden/products/pflegeleichte-zimmerpflanzen-4er-set\", \"available\": true, \"availabilityInfo\":\"\", \"campaignInfo\":\"zimmerpflanzen\",\"isSet\": true, \"priceLabel\": \"Im Set\", \"compareAtPriceLabel\": \"Einzeln\",\"reviewsData\":{\"reviewCount\": 17, \"reviewAverageValue\": 4.6},\"image\": \"https://shop.plantura.garden/cdn/shop/products/plantura-pflegeleichte-zimmerpflanzen-kaufen_1476x.png?v=1663154892\",\"tags\": \"angebot,bundle,eflora,gr\u00fcnpflanzen,h\u00e4ngend,indoor,live plants,pflanzen,pflanzenset,pflegeleicht,pot-discount,set\",\"bulletPoints\": [\"Set mit pflegeleichten Zimmerpflanzen f\u00fcr alle Standorte\",\"Ideal f\u00fcr Einsteiger: Unkompliziert mit geringem Pflegeaufwand\",\"Gr\u00fcnlilie, Gl\u00fcckskastanie, Fensterblatt \\u0026 Efeutute am Moosstab\"],\"variants\" : [ {\"sku\": \"IB-LOMA-0005\",\"available\": true, \"compareAtPriceString\": \"99,96 \u20ac\", \"priceString\": \"84,99 \u20ac\", \"compareAtPrice\": 99.96, \"price\": 84.99, \"sale\":true, \"percentage\":\"15%\", \"priceCurrency\" : \"EUR\", \"url\" : \"https://shop.plantura.garden/products/pflegeleichte-zimmerpflanzen-4er-set?variant=43725388546314\",\"isSet\":true }], \"handle\" : \"pflegeleichte-zimmerpflanzen-4er-set\"}, { \"name\": \"Pflegeleichte Zimmerpflanzen (6er Set)\", \"unitPrice\" : \"\", \"compareAtPriceString\": \"143,94 \u20ac\", \"priceString\": \"119,99 \u20ac\", \"compareAtPrice\": 143.94, \"price\": 119.99, \"sale\":false, \"percentage\":\"17%\", \"badge\": \"angebot\", \"url\": \"https://shop.plantura.garden/products/pflegeleichte-zimmerpflanzen-6er-set\", \"available\": true, \"availabilityInfo\":\"\", \"campaignInfo\":\"zimmerpflanzen\",\"isSet\": true, \"priceLabel\": \"Im Set\", \"compareAtPriceLabel\": \"Einzeln\",\"reviewsData\":{\"reviewCount\": 18, \"reviewAverageValue\": 4.7},\"image\": \"https://shop.plantura.garden/cdn/shop/products/pflegeleichte-zimmerpflanzen-kaufen-plantura_1476x.png?v=1663155232\",\"tags\": \"angebot,bundle,eflora,gr\u00fcnpflanzen,h\u00e4ngend,indoor,live plants,pflanzen,pflanzenset,pflegeleicht,pot-discount,set\",\"bulletPoints\": [\"Pflegeleichte Zimmerpflanzen f\u00fcr Wohnzimmer, B\u00fcro \\u0026 Co.\",\"Unkompliziert \\u0026 geringer Pflegeaufwand \u2013 perfekt f\u00fcr Einsteiger\",\"Set mit Alocasia zebrina, Calathea rufibarba, Gl\u00fcckskastanie \\u0026 mehr\"],\"variants\" : [ {\"sku\": \"IB-LOMA-0006\",\"available\": true, \"compareAtPriceString\": \"143,94 \u20ac\", \"priceString\": \"119,99 \u20ac\", \"compareAtPrice\": 143.94, \"price\": 119.99, \"sale\":true, \"percentage\":\"17%\", \"priceCurrency\" : \"EUR\", \"url\" : \"https://shop.plantura.garden/products/pflegeleichte-zimmerpflanzen-6er-set?variant=43725392675082\",\"isSet\":true }], \"handle\" : \"pflegeleichte-zimmerpflanzen-6er-set\"}, { \"name\": \"Philodendron \\u0026#39;Imperial Red\\u0026#39;\", \"unitPrice\" : \"\", \"compareAtPriceString\": \"\", \"priceString\": \"29,99 \u20ac\", \"compareAtPrice\": 0.0, \"price\": 29.99, \"sale\":false, \"percentage\":\"\", \"badge\": \"angebot\", \"url\": \"https://shop.plantura.garden/products/philodendron-imperial-red\", \"available\": true, \"availabilityInfo\":\"\", \"campaignInfo\":\"zimmerpflanzen\",\"isSet\": false, \"priceLabel\": \"\", \"compareAtPriceLabel\": \"\",\"reviewsData\":{\"reviewCount\": 0, \"reviewAverageValue\": 0.0},\"image\": \"https://shop.plantura.garden/cdn/shop/files/plantura-philodendron-imperial-red-kaufen_1476x.png?v=1693466057\",\"tags\": \"baumfreund,eflora,gr\u00fcnpflanzen,indoor,limited-quantity,live plants,luftreinigend,pflanzen,pflegeleicht,philodendron,pot-discount,special leaf\",\"bulletPoints\": [\"Gl\u00e4nzende, weinrote bis dunkelgr\u00fcne Bl\u00e4tter\",\"Gen\u00fcgsam \\u0026 pflegeleicht \u2013 ideal f\u00fcr Einsteiger\",\"Luftreinigend \\u0026 optimal f\u00fcr R\u00e4ume mit wenig Licht\"],\"variants\" : [ {\"sku\": \"IP-PHIL-0044\",\"available\": true, \"compareAtPriceString\": \"\", \"priceString\": \"29,99 \u20ac\", \"compareAtPrice\": 0.0, \"price\": 29.99, \"sale\":false, \"percentage\":\"\", \"priceCurrency\" : \"EUR\", \"url\" : \"https://shop.plantura.garden/products/philodendron-imperial-red?variant=44678636634378\",\"isSet\":false}], \"handle\" : \"philodendron-imperial-red\"}, { \"name\": \"Philodendron \\u0026#39;Pink Princess\\u0026#39;\", \"unitPrice\" : \"\", \"compareAtPriceString\": \"\", \"priceString\": \"45,99 \u20ac\", \"compareAtPrice\": 0.0, \"price\": 45.99, \"sale\":false, \"percentage\":\"\", \"badge\": \"angebot\", \"url\": \"https://shop.plantura.garden/products/philodendron-pink-princess\", \"available\": true, \"availabilityInfo\":\"\", \"campaignInfo\":\"zimmerpflanzen\",\"isSet\": false, \"priceLabel\": \"\", \"compareAtPriceLabel\": \"\",\"reviewsData\":{\"reviewCount\": 1, \"reviewAverageValue\": 5.0},\"image\": \"https://shop.plantura.garden/cdn/shop/files/plantura-philodendron-pink-princess-kaufen_1476x.png?v=1693466079\",\"tags\": \"baumfreund,eflora,gr\u00fcnpflanzen,indoor,limited-quantity,live plants,luftreinigend,pflanzen,philodendron,philodendron rosa,pot-discount,rosa philodendron,special leaf\",\"bulletPoints\": [\"Dunkelgr\u00fcne Bl\u00e4tter mit einzigartiger, rosa Panaschierung\",\"Echte Rarit\u00e4t f\u00fcr Pflanzenliebhaber \u2013 mit luftreinigender Wirkung\",\"Ben\u00f6tigt etwas Zuwendung \u2013 ideal f\u00fcr Pflanzenfreunde mit Erfahrung\"],\"variants\" : [ {\"sku\": \"IP-PHIL-0045\",\"available\": true, \"compareAtPriceString\": \"\", \"priceString\": \"45,99 \u20ac\", \"compareAtPrice\": 0.0, \"price\": 45.99, \"sale\":false, \"percentage\":\"\", \"priceCurrency\" : \"EUR\", \"url\" : \"https://shop.plantura.garden/products/philodendron-pink-princess?variant=44678638010634\",\"isSet\":false}], \"handle\" : \"philodendron-pink-princess\"}, { \"name\": \"Philodendron \\u0026#39;Prince of Orange\\u0026#39;\", \"unitPrice\" : \"\", \"compareAtPriceString\": \"\", \"priceString\": \"39,99 \u20ac\", \"compareAtPrice\": 0.0, \"price\": 39.99, \"sale\":false, \"percentage\":\"\", \"badge\": \"angebot\", \"url\": \"https://shop.plantura.garden/products/philodendron-prince-of-orange\", \"available\": true, \"availabilityInfo\":\"\", \"campaignInfo\":\"zimmerpflanzen\",\"isSet\": false, \"priceLabel\": \"\", \"compareAtPriceLabel\": \"\",\"reviewsData\":{\"reviewCount\": 1, \"reviewAverageValue\": 5.0},\"image\": \"https://shop.plantura.garden/cdn/shop/files/plantura-philodendron-prince-of-orange-kaufen_1476x.png?v=1693466101\",\"tags\": \"baumfreund,eflora,gr\u00fcnpflanzen,indoor,limited-quantity,live plants,luftreinigend,pflanzen,pflegeleicht,philodendron,pot-discount,special leaf\",\"bulletPoints\": [\"Spektatukl\u00e4re Blattf\u00e4rbung von Gelb-Orange \\u0026 Rosa bis Dunkelgr\u00fcn\",\"Pflegeleicht \u2013 ideal f\u00fcr den Pflanzen-Einsteiger\",\"Luftreinigender Mitbewohner f\u00fcr helle R\u00e4ume\"],\"variants\" : [ {\"sku\": \"IP-PHIL-0046\",\"available\": true, \"compareAtPriceString\": \"\", \"priceString\": \"39,99 \u20ac\", \"compareAtPrice\": 0.0, \"price\": 39.99, \"sale\":false, \"percentage\":\"\", \"priceCurrency\" : \"EUR\", \"url\" : \"https://shop.plantura.garden/products/philodendron-prince-of-orange?variant=44678638240010\",\"isSet\":false}], \"handle\" : \"philodendron-prince-of-orange\"}, { \"name\": \"Philodendron scandens \\u0026#39;Brasil\\u0026#39;\", \"unitPrice\" : \"\", \"compareAtPriceString\": \"\", \"priceString\": \"28,99 \u20ac\", \"compareAtPrice\": 0.0, \"price\": 28.99, \"sale\":false, \"percentage\":\"\", \"badge\": \"angebot\", \"url\": \"https://shop.plantura.garden/products/philodendron-scandens-brasil\", \"available\": true, \"availabilityInfo\":\"\", \"campaignInfo\":\"zimmerpflanzen\",\"isSet\": false, \"priceLabel\": \"\", \"compareAtPriceLabel\": \"\",\"reviewsData\":{\"reviewCount\": 2, \"reviewAverageValue\": 5.0},\"image\": \"https://shop.plantura.garden/cdn/shop/files/plantura-philodendron-scandens-brasil-kaufen_1476x.png?v=1693466126\",\"tags\": \"baumfreund,eflora,h\u00e4ngend,indoor,kletter philodendron,limited-quantity,live plants,luftreinigend,pflanzen,pflegeleicht,philodendron,pot-discount,special leaf\",\"bulletPoints\": [\"Kletter-Philodendron mit auff\u00e4lliger Blattmusterung\",\"Luftreinigende Wirkung \u2013 ideale H\u00e4nge- oder Kletterpflanze\",\"Pflegeleicht \\u0026 gen\u00fcgsam: Perfekt f\u00fcr Pflanzen-Einsteiger\"],\"variants\" : [ {\"sku\": \"IP-PHSC-0047\",\"available\": true, \"compareAtPriceString\": \"\", \"priceString\": \"28,99 \u20ac\", \"compareAtPrice\": 0.0, \"price\": 28.99, \"sale\":false, \"percentage\":\"\", \"priceCurrency\" : \"EUR\", \"url\" : \"https://shop.plantura.garden/products/philodendron-scandens-brasil?variant=44678638371082\",\"isSet\":false}], \"handle\" : \"philodendron-scandens-brasil\"}, { \"name\": \"Phlebodium aureum \\u0026#39;Blue Star\\u0026#39;\", \"unitPrice\" : \"\", \"compareAtPriceString\": \"\", \"priceString\": \"25,99 \u20ac\", \"compareAtPrice\": 0.0, \"price\": 25.99, \"sale\":false, \"percentage\":\"\", \"badge\": \"angebot\", \"url\": \"https://shop.plantura.garden/products/phlebodium-aureum-blue-star\", \"available\": true, \"availabilityInfo\":\"\", \"campaignInfo\":\"zimmerpflanzen\",\"isSet\": false, \"priceLabel\": \"\", \"compareAtPriceLabel\": \"\",\"reviewsData\":{\"reviewCount\": 1, \"reviewAverageValue\": 4.0},\"image\": \"https://shop.plantura.garden/cdn/shop/files/plantura-phlebodium-aureum-blue-star-kaufen_1476x.png?v=1693466028\",\"tags\": \"blauer t\u00fcpfelfarn,eflora,goldt\u00fcpfelfarn,h\u00e4ngend,indoor,limited-quantity,live plants,luftreinigend,pflanzen,pflegeleicht,pot-discount,special leaf,t\u00fcpfelfarn\",\"bulletPoints\": [\"Blaufarn mit grau-blauen Bl\u00e4tter \\u0026 goldfarbenen Sporen\",\"Luftreinigender Mitbewohner \u2013 pflegeleicht \\u0026 ideal f\u00fcr Einsteiger\",\"Liebt Feuchtigkeit \\u0026 helle bis halbschattige Pl\u00e4tze\"],\"variants\" : [ {\"sku\": \"IP-PHAU-0032\",\"available\": true, \"compareAtPriceString\": \"\", \"priceString\": \"25,99 \u20ac\", \"compareAtPrice\": 0.0, \"price\": 25.99, \"sale\":false, \"percentage\":\"\", \"priceCurrency\" : \"EUR\", \"url\" : \"https://shop.plantura.garden/products/phlebodium-aureum-blue-star?variant=44678636536074\",\"isSet\":false}], \"handle\" : \"phlebodium-aureum-blue-star\"}, { \"name\": \"Plantura Gutschein\", \"unitPrice\" : \"\", \"compareAtPriceString\": \"\", \"priceString\": \"25,00 \u20ac\", \"compareAtPrice\": 0.0, \"price\": 25.0, \"sale\":false, \"percentage\":\"\", \"badge\": \"angebot\", \"url\": \"https://shop.plantura.garden/products/e-gutscheine\", \"available\": true, \"availabilityInfo\":\"\", \"campaignInfo\":\"geschenke\",\"isSet\": false, \"priceLabel\": \"\", \"compareAtPriceLabel\": \"\",\"reviewsData\":{\"reviewCount\": 6, \"reviewAverageValue\": 4.8},\"image\": \"https://shop.plantura.garden/cdn/shop/products/plantura-geschenkgutschein_1476x.png?v=1667923147\",\"tags\": \"category_geschenkideen,geschenk,geschenkidee,gutschein\",\"bulletPoints\": [\"Geschenkgutschein mit 3 Betr\u00e4gen zur Auswahl - einl\u00f6sbar f\u00fcr unser gesamtes Produktsortiment\",\"Digitaler Gutschein: Innerhalb weniger Minuten verf\u00fcgbar\",\"Ideale Last-Minute Geschenkidee f\u00fcr alle Gartenliebhaber \\u0026 Pflanzenfreunde\"],\"variants\" : [ {\"sku\": \"GT-0025-2020\",\"available\": true, \"compareAtPriceString\": \"\", \"priceString\": \"25,00 \u20ac\", \"compareAtPrice\": 0.0, \"price\": 25.0, \"sale\":false, \"percentage\":\"\", \"priceCurrency\" : \"EUR\", \"url\" : \"https://shop.plantura.garden/products/e-gutscheine?variant=33549475807320\",\"isSet\":false}, {\"sku\": \"GT-0050-2020\",\"available\": true, \"compareAtPriceString\": \"\", \"priceString\": \"50,00 \u20ac\", \"compareAtPrice\": 0.0, \"price\": 50.0, \"sale\":false, \"percentage\":\"\", \"priceCurrency\" : \"EUR\", \"url\" : \"https://shop.plantura.garden/products/e-gutscheine?variant=33549475840088\",\"isSet\":false}, {\"sku\": \"GT-0100-2020\",\"available\": true, \"compareAtPriceString\": \"\", \"priceString\": \"100,00 \u20ac\", \"compareAtPrice\": 0.0, \"price\": 100.0, \"sale\":false, \"percentage\":\"\", \"priceCurrency\" : \"EUR\", \"url\" : \"https://shop.plantura.garden/products/e-gutscheine?variant=33549475872856\",\"isSet\":false}], \"handle\" : \"e-gutscheine\"}, { \"name\": \"Rasen Rettungs-Set\", \"unitPrice\" : \"\", \"compareAtPriceString\": \"67,98 \u20ac\", \"priceString\": \"56,99 \u20ac\", \"compareAtPrice\": 67.98, \"price\": 56.99, \"sale\":true, \"percentage\":\"16%\", \"badge\": \"angebot\", \"url\": \"https://shop.plantura.garden/products/rasen-rettungs-set\", \"available\": false, \"availabilityInfo\":\"\", \"campaignInfo\":\"sparset-mix\",\"isSet\": true, \"priceLabel\": \"Im Set\", \"compareAtPriceLabel\": \"Einzeln\",\"reviewsData\":{\"reviewCount\": 11, \"reviewAverageValue\": 4.7},\"image\": \"https://shop.plantura.garden/cdn/shop/products/rasen-rettungs-set-kaufen_7ab4720b-3b08-476e-ac08-eb00645587fd_1624x.png?v=1680525828\",\"tags\": \"angebot,aov bundle,bundle,fertilizer,grow lawn,lawn fertilizer,lawn seeds,rasen nachsaat,rasend\u00fcnger,set\",\"bulletPoints\": [\"Verwandeln Sie Ihre alte Rasenfl\u00e4che in einen satt-gr\u00fcnen Traumrasen\",\"In zwei einfachen Schritten den Rasen ausbessern \\u0026 verdichten\",\"Mit Bio-Rasend\u00fcnger in Papierverpackung \\u0026 Premium Rasen-Nachsaat\"],\"variants\" : [ {\"sku\": \"BD-RARE-0004\",\"available\": false, \"compareAtPriceString\": \"67,98 \u20ac\", \"priceString\": \"56,99 \u20ac\", \"compareAtPrice\": 67.98, \"price\": 56.99, \"sale\":true, \"percentage\":\"16%\", \"priceCurrency\" : \"EUR\", \"url\" : \"https://shop.plantura.garden/products/rasen-rettungs-set?variant=44478973214986\",\"isSet\":true }], \"handle\" : \"rasen-rettungs-set\"}, { \"name\": \"Rasen Winterschutz-Set\", \"unitPrice\" : \"\", \"compareAtPriceString\": \"67,98 \u20ac\", \"priceString\": \"57,99 \u20ac\", \"compareAtPrice\": 67.98, \"price\": 57.99, \"sale\":true, \"percentage\":\"15%\", \"badge\": \"angebot\", \"url\": \"https://shop.plantura.garden/products/rasen-winterschutz-set\", \"available\": false, \"availabilityInfo\":\"\", \"campaignInfo\":\"sparset-mix\",\"isSet\": true, \"priceLabel\": \"Im Set\", \"compareAtPriceLabel\": \"Einzeln\",\"reviewsData\":{\"reviewCount\": 5, \"reviewAverageValue\": 5.0},\"image\": \"https://shop.plantura.garden/cdn/shop/files/rasen-winterschutz-set-kaufen_1476x.png?v=1691417036\",\"tags\": \"angebot,aov bundle,bundle,fertilizer,grow lawn,lawn fertilizer,lawn seeds,rasen nachsaat,rasend\u00fcnger,set\",\"bulletPoints\": [\"F\u00fcr maximale Winterh\u00e4rte: Machen Sie Ihren Rasen fit f\u00fcr den Winter\",\"F\u00f6rdert eine dicht-gr\u00fcne Rasenfl\u00e4che im n\u00e4chsten Fr\u00fchjahr\",\"Bestseller-Set: Mit Bio-Herbstrasend\u00fcnger \\u0026 Premium Rasen-Nachsaat\"],\"variants\" : [ {\"sku\": \"BD-RAWI-0007\",\"available\": false, \"compareAtPriceString\": \"67,98 \u20ac\", \"priceString\": \"57,99 \u20ac\", \"compareAtPrice\": 67.98, \"price\": 57.99, \"sale\":true, \"percentage\":\"15%\", \"priceCurrency\" : \"EUR\", \"url\" : \"https://shop.plantura.garden/products/rasen-winterschutz-set?variant=44657320952074\",\"isSet\":true }], \"handle\" : \"rasen-winterschutz-set\"}, { \"name\": \"Rasen-Nachsaat 1 kg\", \"unitPrice\" : \"Grundpreis: 19,99 \u20ac/kg\", \"compareAtPriceString\": \"\", \"priceString\": \"19,99 \u20ac\", \"compareAtPrice\": 0.0, \"price\": 19.99, \"sale\":false, \"percentage\":\"\", \"badge\": \"angebot\", \"url\": \"https://shop.plantura.garden/products/rasen-nachsaat-1-kg\", \"available\": true, \"availabilityInfo\":\"\", \"campaignInfo\":\"rasen\",\"isSet\": false, \"priceLabel\": \"\", \"compareAtPriceLabel\": \"\",\"reviewsData\":{\"reviewCount\": 11, \"reviewAverageValue\": 5.0},\"image\": \"https://shop.plantura.garden/cdn/shop/files/rasen-nachsaat-1kg-plantura_1476x.png?v=1691396404\",\"tags\": \"Ausged\u00fcnnte Rasenfl\u00e4che,boden,category_saatgut,grassamen,green-week-22,grow lawn,gr\u00e4ser,lawn seeds,nachsaht,Rasen,rasen pflaster,rasennachsaat,rasenpflege,rasenrelevant,rasensaat,rasensamen,reparatur,rsm,saatgut,samen,streuwagen,wiese\",\"bulletPoints\": [\"Ideal f\u00fcr ausged\u00fcnnte \\u0026 kr\u00e4nklich aussehende Rasenfl\u00e4chen\",\"Verdichtet den Rasen schnell \\u0026 zuverl\u00e4ssig - f\u00fcr eine satt-gr\u00fcne Fl\u00e4che\",\"Hochwertige Premium-Mischung aus RSM \\/ gepr\u00fcften Rasensorten\"],\"variants\" : [ {\"sku\": \"G7-71SW-GPH3\",\"available\": true, \"compareAtPriceString\": \"\", \"priceString\": \"19,99 \u20ac\", \"compareAtPrice\": 0.0, \"price\": 19.99, \"sale\":false, \"percentage\":\"\", \"priceCurrency\" : \"EUR\", \"url\" : \"https://shop.plantura.garden/products/rasen-nachsaat-1-kg?variant=32598638231640\",\"isSet\":false}], \"handle\" : \"rasen-nachsaat-1-kg\"}, { \"name\": \"Rasen-Nachsaat 2 kg\", \"unitPrice\" : \"Grundpreis: 16,50 \u20ac/kg\", \"compareAtPriceString\": \"\", \"priceString\": \"32,99 \u20ac\", \"compareAtPrice\": 0.0, \"price\": 32.99, \"sale\":false, \"percentage\":\"\", \"badge\": \"bestseller\", \"url\": \"https://shop.plantura.garden/products/rasen-nachsaat-2-kg\", \"available\": true, \"availabilityInfo\":\"\", \"campaignInfo\":\"rasen\",\"isSet\": false, \"priceLabel\": \"\", \"compareAtPriceLabel\": \"\",\"reviewsData\":{\"reviewCount\": 112, \"reviewAverageValue\": 4.7},\"image\": \"https://shop.plantura.garden/cdn/shop/files/rasen-nachsaat-2-kg-plantura_1476x.png?v=1691396583\",\"tags\": \"Ausged\u00fcnnte Rasenfl\u00e4che,bestseller,boden,category_saatgut,grassamen,green-week-22,grow lawn,gr\u00e4ser,lawn seeds,nachsaat,Rasen,rasen pflaster,rasennachsaat,rasenpflege,rasenrelevant,rasensaat,rasensamen,reparatur,rsm,saatgut,samen,streuwagen,wiese\",\"bulletPoints\": [\"Ideal f\u00fcr ausged\u00fcnnte \\u0026 kr\u00e4nklich aussehende Rasenfl\u00e4chen\",\"Verdichtet den Rasen schnell \\u0026 zuverl\u00e4ssig - f\u00fcr eine satt-gr\u00fcne Fl\u00e4che\",\"Hochwertige Premium-Mischung aus RSM \\/ gepr\u00fcften Rasensorten\"],\"variants\" : [ {\"sku\": \"1X-LIZV-1YQV\",\"available\": true, \"compareAtPriceString\": \"\", \"priceString\": \"32,99 \u20ac\", \"compareAtPrice\": 0.0, \"price\": 32.99, \"sale\":false, \"percentage\":\"\", \"priceCurrency\" : \"EUR\", \"url\" : \"https://shop.plantura.garden/products/rasen-nachsaat-2-kg?variant=33327459270744\",\"isSet\":false}, {\"sku\": \"J0-7PDQ-CT0Z\",\"available\": true, \"compareAtPriceString\": \"65,98 \u20ac\", \"priceString\": \"62,99 \u20ac\", \"compareAtPrice\": 65.98, \"price\": 62.99, \"sale\":true, \"percentage\":\"5%\", \"priceCurrency\" : \"EUR\", \"url\" : \"https://shop.plantura.garden/products/rasen-nachsaat-2-kg?variant=33327459303512\",\"isSet\":true }, {\"sku\": \"1A-BABL-G1RH\",\"available\": true, \"compareAtPriceString\": \"164,95 \u20ac\", \"priceString\": \"149,99 \u20ac\", \"compareAtPrice\": 164.95, \"price\": 149.99, \"sale\":true, \"percentage\":\"9%\", \"priceCurrency\" : \"EUR\", \"url\" : \"https://shop.plantura.garden/products/rasen-nachsaat-2-kg?variant=33327459336280\",\"isSet\":true }], \"handle\" : \"rasen-nachsaat-2-kg\"}, { \"name\": \"Rasen-Reparatur 1,5 kg\", \"unitPrice\" : \"Grundpreis: 14,66 \u20ac/kg\", \"compareAtPriceString\": \"\", \"priceString\": \"21,99 \u20ac\", \"compareAtPrice\": 0.0, \"price\": 21.99, \"sale\":false, \"percentage\":\"\", \"badge\": \"bestseller\", \"url\": \"https://shop.plantura.garden/products/rasen-reparatur-1-5-kg\", \"available\": true, \"availabilityInfo\":\"\", \"campaignInfo\":\"rasen\",\"isSet\": false, \"priceLabel\": \"\", \"compareAtPriceLabel\": \"\",\"reviewsData\":{\"reviewCount\": 59, \"reviewAverageValue\": 4.7},\"image\": \"https://shop.plantura.garden/cdn/shop/files/rasen-reparatur-plantura_1476x.png?v=1691396764\",\"tags\": \"boden,category_saatgut,grassamen,green-week-22,grow lawn,gr\u00e4ser,lawn seeds,L\u00f6cher im Rasen,nachsaat,nachsaht,Rasen,rasenl\u00fccke,rasenpflaster,rasenpflege,rasenrelevant,rasensaat,rasensamen,rsm,saatgut,samen,streuwagen,wiese\",\"bulletPoints\": [\"Schlie\u00dft L\u00fccken im Rasen schnell \\u0026 zuverl\u00e4ssig - f\u00fcr eine makellose Rasenfl\u00e4che\",\"Unschlagbare Mischung aus Premium-Rasensamen, D\u00fcnger \\u0026 Kalk\",\"100% nat\u00fcrliche Inhaltsstoffe: Unbedenklich f\u00fcr Haus- \\u0026 Gartentiere\"],\"variants\" : [ {\"sku\": \"ER-RZF9-UXID\",\"available\": true, \"compareAtPriceString\": \"\", \"priceString\": \"21,99 \u20ac\", \"compareAtPrice\": 0.0, \"price\": 21.99, \"sale\":false, \"percentage\":\"\", \"priceCurrency\" : \"EUR\", \"url\" : \"https://shop.plantura.garden/products/rasen-reparatur-1-5-kg?variant=33327466479704\",\"isSet\":false}, {\"sku\": \"WX-RJBS-FN13\",\"available\": true, \"compareAtPriceString\": \"43,98 \u20ac\", \"priceString\": \"42,99 \u20ac\", \"compareAtPrice\": 43.98, \"price\": 42.99, \"sale\":true, \"percentage\":\"2%\", \"priceCurrency\" : \"EUR\", \"url\" : \"https://shop.plantura.garden/products/rasen-reparatur-1-5-kg?variant=33327466512472\",\"isSet\":true }, {\"sku\": \"74-YRNL-DYF5\",\"available\": true, \"compareAtPriceString\": \"87,96 \u20ac\", \"priceString\": \"79,99 \u20ac\", \"compareAtPrice\": 87.96, \"price\": 79.99, \"sale\":true, \"percentage\":\"9%\", \"priceCurrency\" : \"EUR\", \"url\" : \"https://shop.plantura.garden/products/rasen-reparatur-1-5-kg?variant=33327466578008\",\"isSet\":true }], \"handle\" : \"rasen-reparatur-1-5-kg\"}, { \"name\": \"Rasenanlage Starter-Set\", \"unitPrice\" : \"\", \"compareAtPriceString\": \"98,96 \u20ac\", \"priceString\": \"84,99 \u20ac\", \"compareAtPrice\": 98.96, \"price\": 84.99, \"sale\":false, \"percentage\":\"14%\", \"badge\": \"angebot\", \"url\": \"https://shop.plantura.garden/products/rasenanlage-starter-set\", \"available\": true, \"availabilityInfo\":\"\", \"campaignInfo\":\"sparset-mix\",\"isSet\": true, \"priceLabel\": \"Im Set\", \"compareAtPriceLabel\": \"Einzeln\",\"reviewsData\":{\"reviewCount\": 3, \"reviewAverageValue\": 4.7},\"image\": \"https://shop.plantura.garden/cdn/shop/products/rasenanlage-starter-set-kaufen_1575x.png?v=1680525801\",\"tags\": \"angebot,aov bundle,bundle,fertilizer,grow lawn,lawn fertilizer,lawn seeds,rasen nachsaat,rasend\u00fcnger,set,soils\",\"bulletPoints\": [\"Legen Sie einen robusten Rasen an, der viele Jahre sch\u00f6n bleibt\",\"Rasenanlage-Set f\u00fcr einen strapazierf\u00e4higen \\u0026 belastbaren Rasen\",\"Mit Spiel- \\u0026 Sportrasen-Saatgut, Bio-Rasenerde \\u0026 Bio-Rasend\u00fcnger\"],\"variants\" : [ {\"sku\": \"BD-HARA-0005\",\"available\": true, \"compareAtPriceString\": \"98,96 \u20ac\", \"priceString\": \"84,99 \u20ac\", \"compareAtPrice\": 98.96, \"price\": 84.99, \"sale\":true, \"percentage\":\"14%\", \"priceCurrency\" : \"EUR\", \"url\" : \"https://shop.plantura.garden/products/rasenanlage-starter-set?variant=44478969708810\",\"isSet\":true }], \"handle\" : \"rasenanlage-starter-set\"}, { \"name\": \"Rasensand 15 kg\", \"unitPrice\" : \"Grundpreis: 0,93 \u20ac/kg\", \"compareAtPriceString\": \"\", \"priceString\": \"13,99 \u20ac\", \"compareAtPrice\": 0.0, \"price\": 13.99, \"sale\":false, \"percentage\":\"\", \"badge\": \"angebot\", \"url\": \"https://shop.plantura.garden/products/rasensand-15-kg\", \"available\": true, \"availabilityInfo\":\"\", \"campaignInfo\":\"rasen\",\"isSet\": false, \"priceLabel\": \"\", \"compareAtPriceLabel\": \"\",\"reviewsData\":{\"reviewCount\": 16, \"reviewAverageValue\": 4.6},\"image\": \"https://shop.plantura.garden/cdn/shop/files/rasensand-15kg-plantura_1476x.png?v=1691051076\",\"tags\": \"boden,category_erde,grow lawn,quarzsand,Rasen,rasenpflege,rollrasen,sand chalk & mulch,soils sand chalk & mulch,streuwagen\",\"bulletPoints\": [\"Hochwertiger Premium Quarzsand zum L\u00fcften schwerer B\u00f6den gegen Moos \\u0026 Unkraut\",\"Sorgt f\u00fcr eine bessere Wasserdurchl\u00e4ssigkeit \\u0026 erh\u00f6ht die Belastbarkeit des Rasens\",\"Geruchlos und leicht auszubringen - unbedenklich f\u00fcr Haus- \\u0026 Gartentiere\"],\"variants\" : [ {\"sku\": \"HZ-8GIF-W9X2\",\"available\": true, \"compareAtPriceString\": \"\", \"priceString\": \"13,99 \u20ac\", \"compareAtPrice\": 0.0, \"price\": 13.99, \"sale\":false, \"percentage\":\"\", \"priceCurrency\" : \"EUR\", \"url\" : \"https://shop.plantura.garden/products/rasensand-15-kg?variant=39372549423192\",\"isSet\":false}], \"handle\" : \"rasensand-15-kg\"}, { \"name\": \"Raubmilben gegen Spinnmilben\", \"unitPrice\" : \"\", \"compareAtPriceString\": \"\", \"priceString\": \"29,99 \u20ac\", \"compareAtPrice\": 0.0, \"price\": 29.99, \"sale\":false, \"percentage\":\"\", \"badge\": \"angebot\", \"url\": \"https://shop.plantura.garden/products/raubmilben-blattware\", \"available\": true, \"availabilityInfo\":\"Bald wieder verf\u00fcgbar\", \"campaignInfo\":\"nuetzlinge\",\"isSet\": false, \"priceLabel\": \"\", \"compareAtPriceLabel\": \"\",\"reviewsData\":{\"reviewCount\": 48, \"reviewAverageValue\": 4.1},\"image\": \"https://shop.plantura.garden/cdn/shop/files/plantura-raubmilben-gegen-spinnmilben_1476x.png?v=1691054253\",\"tags\": \"amblyseius californicus,category_n\u00fctzlinge-&-pflanzenschutz,milben,n\u00fctzling,phytoseiulus persimilis,pp raubmilben,spinnmilben\",\"bulletPoints\": [\"Nat\u00fcrlich \\u0026 zuverl\u00e4ssig gegen Spinnmilben\",\"Chemiefreie Bek\u00e4mpfung: Schonend f\u00fcr Pflanzen \\u0026 Boden\",\"Hergestellt in Deutschland - mit ausf\u00fchrlicher Anleitung zur Anwendung\"],\"variants\" : [ {\"sku\": \"NT-RMBW-1500\",\"available\": true, \"compareAtPriceString\": \"\", \"priceString\": \"29,99 \u20ac\", \"compareAtPrice\": 0.0, \"price\": 29.99, \"sale\":false, \"percentage\":\"\", \"priceCurrency\" : \"EUR\", \"url\" : \"https://shop.plantura.garden/products/raubmilben-blattware?variant=39559192248408\",\"isSet\":false}], \"handle\" : \"raubmilben-blattware\"}, { \"name\": \"Rhododendron \\u0026#39;Blewbury\\u0026#39; Wei\u00df-Rot\", \"unitPrice\" : \"\", \"compareAtPriceString\": \"\", \"priceString\": \"36,99 \u20ac\", \"compareAtPrice\": 0.0, \"price\": 36.99, \"sale\":false, \"percentage\":\"\", \"badge\": \"angebot\", \"url\": \"https://shop.plantura.garden/products/rhododendron-blewbury-weiss-rot\", \"available\": true, \"availabilityInfo\":\"\", \"campaignInfo\":\"pflanzen-draussen\",\"isSet\": false, \"priceLabel\": \"\", \"compareAtPriceLabel\": \"\",\"reviewsData\":{\"reviewCount\": 0, \"reviewAverageValue\": 0.0},\"image\": \"https://shop.plantura.garden/cdn/shop/files/rhododendron-blewbury-kaufen_1476x.png?v=1692798757\",\"tags\": \"alpenrose,asia,balcony,bienenk\u00f6nigin,evergreen,flowering shrubs,foliage,live plants,outdoor,pflanzen,pot-discount,reiners,rhododendron,zwerg rhododendron\",\"bulletPoints\": [\"Trichterf\u00f6rmige, wei\u00dfe Bl\u00fcten mit rotem Auge von April bis Mai\",\"Duftende Bl\u00fctenpracht, die zahlreiche Bienen \\u0026 Hummeln anlockt\\n\",\"Besonders kompakter Wuchs \\u0026 sehr frosthart \u2013 perfekt f\u00fcr den Topf \\u0026 kleine G\u00e4rten\\n\"],\"variants\" : [ {\"sku\": \"OP-RHBL-0376\",\"available\": true, \"compareAtPriceString\": \"\", \"priceString\": \"36,99 \u20ac\", \"compareAtPrice\": 0.0, \"price\": 36.99, \"sale\":false, \"percentage\":\"\", \"priceCurrency\" : \"EUR\", \"url\" : \"https://shop.plantura.garden/products/rhododendron-blewbury-weiss-rot?variant=44497032315146\",\"isSet\":false}], \"handle\" : \"rhododendron-blewbury-weiss-rot\"}, { \"name\": \"Rhododendron \\u0026#39;Bloombux\\u0026#39;\u00ae Magenta\", \"unitPrice\" : \"\", \"compareAtPriceString\": \"\", \"priceString\": \"18,99 \u20ac\", \"compareAtPrice\": 0.0, \"price\": 18.99, \"sale\":false, \"percentage\":\"\", \"badge\": \"angebot\", \"url\": \"https://shop.plantura.garden/products/rhododendron-bloombux-magenta\", \"available\": true, \"availabilityInfo\":\"\", \"campaignInfo\":\"pflanzen-draussen\",\"isSet\": false, \"priceLabel\": \"\", \"compareAtPriceLabel\": \"\",\"reviewsData\":{\"reviewCount\": 31, \"reviewAverageValue\": 4.6},\"image\": \"https://shop.plantura.garden/cdn/shop/files/rhododendron-bloombux-magenta-kaufen_1476x.png?v=1691766069\",\"tags\": \"alpenrose,asia,evergreen,flowering shrubs,inkarho,inkarho rhododendron,live plants,outdoor,pflanzen,pot-discount,reiners,rhododendron\",\"bulletPoints\": [\"Bl\u00fchende Buchsbaum-Alternative mit magentafarbenen Bl\u00fcten\",\"Schnittfeste, krankheits- \\u0026 sch\u00e4dlingsresistente Heckenpflanze\",\"Robust \\u0026 kleinbleibend \u2013 ideal als niedrige Hecke, f\u00fcr Balkon \\u0026 Terrasse\"],\"variants\" : [ {\"sku\": \"OP-RHMI-0381\",\"available\": true, \"compareAtPriceString\": \"\", \"priceString\": \"18,99 \u20ac\", \"compareAtPrice\": 0.0, \"price\": 18.99, \"sale\":false, \"percentage\":\"\", \"priceCurrency\" : \"EUR\", \"url\" : \"https://shop.plantura.garden/products/rhododendron-bloombux-magenta?variant=44497033560330\",\"isSet\":false}, {\"sku\": \"OP-RHMI-0382\",\"available\": true, \"compareAtPriceString\": \"\", \"priceString\": \"34,99 \u20ac\", \"compareAtPrice\": 0.0, \"price\": 34.99, \"sale\":false, \"percentage\":\"\", \"priceCurrency\" : \"EUR\", \"url\" : \"https://shop.plantura.garden/products/rhododendron-bloombux-magenta?variant=44497033593098\",\"isSet\":false}, {\"sku\": \"OP-RHMI-0421\",\"available\": true, \"compareAtPriceString\": \"37,98 \u20ac\", \"priceString\": \"35,99 \u20ac\", \"compareAtPrice\": 37.98, \"price\": 35.99, \"sale\":true, \"percentage\":\"5%\", \"priceCurrency\" : \"EUR\", \"url\" : \"https://shop.plantura.garden/products/rhododendron-bloombux-magenta?variant=44497033625866\",\"isSet\":true }, {\"sku\": \"OP-RHMI-0443\",\"available\": false, \"compareAtPriceString\": \"69,98 \u20ac\", \"priceString\": \"65,99 \u20ac\", \"compareAtPrice\": 69.98, \"price\": 65.99, \"sale\":true, \"percentage\":\"6%\", \"priceCurrency\" : \"EUR\", \"url\" : \"https://shop.plantura.garden/products/rhododendron-bloombux-magenta?variant=44603052425482\",\"isSet\":true }, {\"sku\": \"OP-RHMI-0422\",\"available\": true, \"compareAtPriceString\": \"75,96 \u20ac\", \"priceString\": \"67,99 \u20ac\", \"compareAtPrice\": 75.96, \"price\": 67.99, \"sale\":true, \"percentage\":\"10%\", \"priceCurrency\" : \"EUR\", \"url\" : \"https://shop.plantura.garden/products/rhododendron-bloombux-magenta?variant=44497033658634\",\"isSet\":true }, {\"sku\": \"OP-RHMI-0444\",\"available\": false, \"compareAtPriceString\": \"139,96 \u20ac\", \"priceString\": \"125,99 \u20ac\", \"compareAtPrice\": 139.96, \"price\": 125.99, \"sale\":true, \"percentage\":\"10%\", \"priceCurrency\" : \"EUR\", \"url\" : \"https://shop.plantura.garden/products/rhododendron-bloombux-magenta?variant=44603052458250\",\"isSet\":true }, {\"sku\": \"OP-RHMI-0423\",\"available\": true, \"compareAtPriceString\": \"151,92 \u20ac\", \"priceString\": \"129,99 \u20ac\", \"compareAtPrice\": 151.92, \"price\": 129.99, \"sale\":true, \"percentage\":\"14%\", \"priceCurrency\" : \"EUR\", \"url\" : \"https://shop.plantura.garden/products/rhododendron-bloombux-magenta?variant=44497033691402\",\"isSet\":true }, {\"sku\": \"OP-RHMI-0445\",\"available\": false, \"compareAtPriceString\": \"279,92 \u20ac\", \"priceString\": \"237,99 \u20ac\", \"compareAtPrice\": 279.92, \"price\": 237.99, \"sale\":true, \"percentage\":\"15%\", \"priceCurrency\" : \"EUR\", \"url\" : \"https://shop.plantura.garden/products/rhododendron-bloombux-magenta?variant=44603052491018\",\"isSet\":true }], \"handle\" : \"rhododendron-bloombux-magenta\"}, { \"name\": \"Rhododendron \\u0026#39;Bloombux\\u0026#39;\u00ae Pink\", \"unitPrice\" : \"\", \"compareAtPriceString\": \"\", \"priceString\": \"18,99 \u20ac\", \"compareAtPrice\": 0.0, \"price\": 18.99, \"sale\":false, \"percentage\":\"\", \"badge\": \"angebot\", \"url\": \"https://shop.plantura.garden/products/rhododendron-bloombux-pink\", \"available\": true, \"availabilityInfo\":\"\", \"campaignInfo\":\"pflanzen-draussen\",\"isSet\": false, \"priceLabel\": \"\", \"compareAtPriceLabel\": \"\",\"reviewsData\":{\"reviewCount\": 31, \"reviewAverageValue\": 4.6},\"image\": \"https://shop.plantura.garden/cdn/shop/files/rhododendron-bloombux-pink-kaufen_1476x.png?v=1691766046\",\"tags\": \"alpenrose,asia,evergreen,flowering shrubs,inkarho,inkarho rhododendron,live plants,outdoor,pflanzen,pot-discount,reiners,rhododendron\",\"bulletPoints\": [\"Bl\u00fchende Buchsbaum-Alternative: Pinke Bl\u00fctenpracht von Mai bis Juni\",\"Attraktive, immergr\u00fcne Hecke mit sehr guter Schnittvertr\u00e4glichkeit\\n\",\"\u00c4u\u00dferst krankheits- \\u0026 sch\u00e4dlingsresistent sowie flexibel bei der Standortwahl\\n\"],\"variants\" : [ {\"sku\": \"OP-RHMI-0379\",\"available\": true, \"compareAtPriceString\": \"\", \"priceString\": \"18,99 \u20ac\", \"compareAtPrice\": 0.0, \"price\": 18.99, \"sale\":false, \"percentage\":\"\", \"priceCurrency\" : \"EUR\", \"url\" : \"https://shop.plantura.garden/products/rhododendron-bloombux-pink?variant=44497033363722\",\"isSet\":false}, {\"sku\": \"OP-RHMI-0380\",\"available\": false, \"compareAtPriceString\": \"\", \"priceString\": \"34,99 \u20ac\", \"compareAtPrice\": 0.0, \"price\": 34.99, \"sale\":false, \"percentage\":\"\", \"priceCurrency\" : \"EUR\", \"url\" : \"https://shop.plantura.garden/products/rhododendron-bloombux-pink?variant=44497033396490\",\"isSet\":false}, {\"sku\": \"OP-RHMI-0418\",\"available\": true, \"compareAtPriceString\": \"37,98 \u20ac\", \"priceString\": \"35,99 \u20ac\", \"compareAtPrice\": 37.98, \"price\": 35.99, \"sale\":true, \"percentage\":\"5%\", \"priceCurrency\" : \"EUR\", \"url\" : \"https://shop.plantura.garden/products/rhododendron-bloombux-pink?variant=44497033429258\",\"isSet\":true }, {\"sku\": \"OP-RHMI-0446\",\"available\": false, \"compareAtPriceString\": \"69,98 \u20ac\", \"priceString\": \"65,99 \u20ac\", \"compareAtPrice\": 69.98, \"price\": 65.99, \"sale\":true, \"percentage\":\"6%\", \"priceCurrency\" : \"EUR\", \"url\" : \"https://shop.plantura.garden/products/rhododendron-bloombux-pink?variant=44603051966730\",\"isSet\":true }, {\"sku\": \"OP-RHMI-0419\",\"available\": true, \"compareAtPriceString\": \"75,96 \u20ac\", \"priceString\": \"67,99 \u20ac\", \"compareAtPrice\": 75.96, \"price\": 67.99, \"sale\":true, \"percentage\":\"10%\", \"priceCurrency\" : \"EUR\", \"url\" : \"https://shop.plantura.garden/products/rhododendron-bloombux-pink?variant=44497033462026\",\"isSet\":true }, {\"sku\": \"OP-RHMI-0447\",\"available\": false, \"compareAtPriceString\": \"139,96 \u20ac\", \"priceString\": \"125,99 \u20ac\", \"compareAtPrice\": 139.96, \"price\": 125.99, \"sale\":true, \"percentage\":\"10%\", \"priceCurrency\" : \"EUR\", \"url\" : \"https://shop.plantura.garden/products/rhododendron-bloombux-pink?variant=44603051999498\",\"isSet\":true }, {\"sku\": \"OP-RHMI-0420\",\"available\": true, \"compareAtPriceString\": \"151,92 \u20ac\", \"priceString\": \"129,99 \u20ac\", \"compareAtPrice\": 151.92, \"price\": 129.99, \"sale\":true, \"percentage\":\"14%\", \"priceCurrency\" : \"EUR\", \"url\" : \"https://shop.plantura.garden/products/rhododendron-bloombux-pink?variant=44497033494794\",\"isSet\":true }, {\"sku\": \"OP-RHMI-0448\",\"available\": false, \"compareAtPriceString\": \"279,92 \u20ac\", \"priceString\": \"237,99 \u20ac\", \"compareAtPrice\": 279.92, \"price\": 237.99, \"sale\":true, \"percentage\":\"15%\", \"priceCurrency\" : \"EUR\", \"url\" : \"https://shop.plantura.garden/products/rhododendron-bloombux-pink?variant=44603052032266\",\"isSet\":true }], \"handle\" : \"rhododendron-bloombux-pink\"}, { \"name\": \"Rhododendron \\u0026#39;Graziella\\u0026#39; Purpurrosa\", \"unitPrice\" : \"\", \"compareAtPriceString\": \"\", \"priceString\": \"36,99 \u20ac\", \"compareAtPrice\": 0.0, \"price\": 36.99, \"sale\":false, \"percentage\":\"\", \"badge\": \"angebot\", \"url\": \"https://shop.plantura.garden/products/rhododendron-graziella-purpurrosa\", \"available\": true, \"availabilityInfo\":\"\", \"campaignInfo\":\"pflanzen-draussen\",\"isSet\": false, \"priceLabel\": \"\", \"compareAtPriceLabel\": \"\",\"reviewsData\":{\"reviewCount\": 1, \"reviewAverageValue\": 4.0},\"image\": \"https://shop.plantura.garden/cdn/shop/files/rhododendron-graziella-kaufen_1476x.png?v=1692798784\",\"tags\": \"alpenrose,asia,evergreen,flowering shrubs,inkarho,inkarho rhododendron,live plants,outdoor,pflanzen,pot-discount,reiners,rhododendron\",\"bulletPoints\": [\"Zauberhafte, purpurrosa Bl\u00fctenf\u00fclle von April bis Mai\",\"Laubsch\u00f6ner \\u0026 immergr\u00fcner Sichtschutz: Schmal-lanzettliche Bl\u00e4tter\\n\",\"Ideal f\u00fcr kleine G\u00e4rten oder im Topf auf Balkon \\u0026 Terrasse\\n\"],\"variants\" : [ {\"sku\": \"OP-RHGR-0377\",\"available\": true, \"compareAtPriceString\": \"\", \"priceString\": \"36,99 \u20ac\", \"compareAtPrice\": 0.0, \"price\": 36.99, \"sale\":false, \"percentage\":\"\", \"priceCurrency\" : \"EUR\", \"url\" : \"https://shop.plantura.garden/products/rhododendron-graziella-purpurrosa?variant=44497032511754\",\"isSet\":false}], \"handle\" : \"rhododendron-graziella-purpurrosa\"}, { \"name\": \"Rhododendron \\u0026#39;Hydon Velvet\\u0026#39; Wei\u00df-Rosa\", \"unitPrice\" : \"\", \"compareAtPriceString\": \"\", \"priceString\": \"36,99 \u20ac\", \"compareAtPrice\": 0.0, \"price\": 36.99, \"sale\":false, \"percentage\":\"\", \"badge\": \"angebot\", \"url\": \"https://shop.plantura.garden/products/rhododendron-hydon-velvet-weiss-rosa\", \"available\": true, \"availabilityInfo\":\"\", \"campaignInfo\":\"pflanzen-draussen\",\"isSet\": false, \"priceLabel\": \"\", \"compareAtPriceLabel\": \"\",\"reviewsData\":{\"reviewCount\": 1, \"reviewAverageValue\": 5.0},\"image\": \"https://shop.plantura.garden/cdn/shop/files/rhododendron-hydon-velvet-kaufen_1476x.png?v=1692798770\",\"tags\": \"alpenrose,asia,balcony,evergreen,flowering shrubs,foliage,live plants,outdoor,pflanzen,pot-discount,reiners,rhododendron\",\"bulletPoints\": [\"Romantische Bl\u00fctenpracht in Wei\u00df mit weinroter Zeichnung\",\"Blattschmuck-Rhododendron, der das ganze Jahr \u00fcberzeugt\",\"Kompakter \\u0026 runder Wuchs \u2013 perfekt f\u00fcr Beet, Balkon \\u0026 Terrasse\\n\"],\"variants\" : [ {\"sku\": \"OP-RHBU-0375\",\"available\": true, \"compareAtPriceString\": \"\", \"priceString\": \"36,99 \u20ac\", \"compareAtPrice\": 0.0, \"price\": 36.99, \"sale\":false, \"percentage\":\"\", \"priceCurrency\" : \"EUR\", \"url\" : \"https://shop.plantura.garden/products/rhododendron-hydon-velvet-weiss-rosa?variant=44497032446218\",\"isSet\":false}], \"handle\" : \"rhododendron-hydon-velvet-weiss-rosa\"}, { \"name\": \"Rhododendron \\u0026#39;INKARHO\u00ae Dufthecke\\u0026#39; Gelb\", \"unitPrice\" : \"\", \"compareAtPriceString\": \"\", \"priceString\": \"39,99 \u20ac\", \"compareAtPrice\": 0.0, \"price\": 39.99, \"sale\":false, \"percentage\":\"\", \"badge\": \"angebot\", \"url\": \"https://shop.plantura.garden/products/rhododendron-inkarho-dufthecke-gelb\", \"available\": true, \"availabilityInfo\":\"\", \"campaignInfo\":\"pflanzen-draussen\",\"isSet\": false, \"priceLabel\": \"\", \"compareAtPriceLabel\": \"\",\"reviewsData\":{\"reviewCount\": 3, \"reviewAverageValue\": 5.0},\"image\": \"https://shop.plantura.garden/cdn/shop/files/rhododendron-inkarho-dufthecke-gelb-kaufen_1476x.png?v=1692798797\",\"tags\": \"alpenrose,asia,balcony,evergreen,flowering shrubs,foliage,live plants,outdoor,pflanzen,pot-discount,reiners,rhododendron,rhododendron bureavii\",\"bulletPoints\": [\"Leuchtend gelbe Bl\u00fcten mit bet\u00f6rendem Duft\",\"Ideal als Solit\u00e4r oder ganzj\u00e4hriger Sichtschutz sowie in Hecken\",\"INKARHO\u00ae-Rhododendron: Kalktolerant \\u0026 f\u00fcr viele Standorte geeignet\"],\"variants\" : [ {\"sku\": \"OP-RHIN-0383\",\"available\": true, \"compareAtPriceString\": \"\", \"priceString\": \"39,99 \u20ac\", \"compareAtPrice\": 0.0, \"price\": 39.99, \"sale\":false, \"percentage\":\"\", \"priceCurrency\" : \"EUR\", \"url\" : \"https://shop.plantura.garden/products/rhododendron-inkarho-dufthecke-gelb?variant=44497032741130\",\"isSet\":false}], \"handle\" : \"rhododendron-inkarho-dufthecke-gelb\"}, { \"name\": \"Rhododendron \\u0026#39;INKARHO\u00ae Dufthecke\\u0026#39; Lila\", \"unitPrice\" : \"\", \"compareAtPriceString\": \"\", \"priceString\": \"39,99 \u20ac\", \"compareAtPrice\": 0.0, \"price\": 39.99, \"sale\":false, \"percentage\":\"\", \"badge\": \"angebot\", \"url\": \"https://shop.plantura.garden/products/rhododendron-inkarho-dufthecke-lila\", \"available\": true, \"availabilityInfo\":\"\", \"campaignInfo\":\"pflanzen-draussen\",\"isSet\": false, \"priceLabel\": \"\", \"compareAtPriceLabel\": \"\",\"reviewsData\":{\"reviewCount\": 3, \"reviewAverageValue\": 5.0},\"image\": \"https://shop.plantura.garden/cdn/shop/files/rhododendron-inkarho-dufthecke-lila-kaufen_1476x.png?v=1692889361\",\"tags\": \"alpenrose,asia,easydendron,evergreen,flowering shrubs,inkarho,inkarho rhododendron,live plants,outdoor,pflanzen,pot-discount,reiners,rhododendron\",\"bulletPoints\": [\"Romantisch-verspielte lila Bl\u00fcten mit angenehm intensivem Duft\",\"Pflegeleicht \\u0026 gesund \u2013 ideal als Solit\u00e4r oder immergr\u00fcner Sichtschutz\",\"INKARHO\u00ae-Rhododendron: Kalktolerant \\u0026 f\u00fcr viele Standorte geeignet\"],\"variants\" : [ {\"sku\": \"OP-RHIN-0384\",\"available\": true, \"compareAtPriceString\": \"\", \"priceString\": \"39,99 \u20ac\", \"compareAtPrice\": 0.0, \"price\": 39.99, \"sale\":false, \"percentage\":\"\", \"priceCurrency\" : \"EUR\", \"url\" : \"https://shop.plantura.garden/products/rhododendron-inkarho-dufthecke-lila?variant=44497032806666\",\"isSet\":false}], \"handle\" : \"rhododendron-inkarho-dufthecke-lila\"}, { \"name\": \"Rhododendron \\u0026#39;INKARHO\u00ae Dufthecke\\u0026#39; Rosa\", \"unitPrice\" : \"\", \"compareAtPriceString\": \"\", \"priceString\": \"39,99 \u20ac\", \"compareAtPrice\": 0.0, \"price\": 39.99, \"sale\":false, \"percentage\":\"\", \"badge\": \"angebot\", \"url\": \"https://shop.plantura.garden/products/rhododendron-inkarho-dufthecke-rosa\", \"available\": true, \"availabilityInfo\":\"\", \"campaignInfo\":\"pflanzen-draussen\",\"isSet\": false, \"priceLabel\": \"\", \"compareAtPriceLabel\": \"\",\"reviewsData\":{\"reviewCount\": 3, \"reviewAverageValue\": 5.0},\"image\": \"https://shop.plantura.garden/cdn/shop/files/rhododendron-inkarho-dufthecke-rosa-kaufen_1476x.png?v=1692798819\",\"tags\": \"alpenrose,asia,easydendron,evergreen,flowering shrubs,inkarho,inkarho rhododendron,live plants,outdoor,pflanzen,pot-discount,reiners,rhododendron\",\"bulletPoints\": [\"Romantisch-verspielte rosa Bl\u00fcten mit bet\u00f6rend intensivem Duft\\n\",\"Gesund \\u0026 pflegeleicht \u2013 perfekt als immergr\u00fcner Sichtschutz oder Solit\u00e4r\\n\",\"INKARHO\u00ae-Rhododendron: Kalktolerant mit geringen Standortanspr\u00fcchen\"],\"variants\" : [ {\"sku\": \"OP-RHIN-0385\",\"available\": true, \"compareAtPriceString\": \"\", \"priceString\": \"39,99 \u20ac\", \"compareAtPrice\": 0.0, \"price\": 39.99, \"sale\":false, \"percentage\":\"\", \"priceCurrency\" : \"EUR\", \"url\" : \"https://shop.plantura.garden/products/rhododendron-inkarho-dufthecke-rosa?variant=44497032872202\",\"isSet\":false}], \"handle\" : \"rhododendron-inkarho-dufthecke-rosa\"}, { \"name\": \"Rhododendron \\u0026#39;INKARHO\u00ae Dufthecke\\u0026#39; Wei\u00df\", \"unitPrice\" : \"\", \"compareAtPriceString\": \"\", \"priceString\": \"39,99 \u20ac\", \"compareAtPrice\": 0.0, \"price\": 39.99, \"sale\":false, \"percentage\":\"\", \"badge\": \"angebot\", \"url\": \"https://shop.plantura.garden/products/rhododendron-inkarho-dufthecke-weiss\", \"available\": true, \"availabilityInfo\":\"\", \"campaignInfo\":\"pflanzen-draussen\",\"isSet\": false, \"priceLabel\": \"\", \"compareAtPriceLabel\": \"\",\"reviewsData\":{\"reviewCount\": 3, \"reviewAverageValue\": 5.0},\"image\": \"https://shop.plantura.garden/cdn/shop/files/rhododendron-inkarho-dufthecke-weiss-kaufen_1476x.png?v=1691765967\",\"tags\": \"alpenrose,asia,beefriendly,easydendron,evergreen,flowering shrubs,inkarho,inkarho rhododendron,live plants,outdoor,pflanzen,pot-discount,reiners,rhododendron\",\"bulletPoints\": [\"Elegant wei\u00dfe Bl\u00fcten mit einzigartigem, angenehmem Duft\",\"Gesund \\u0026 pflegeleicht \u2013 ideal als immergr\u00fcner Sichtschutz oder Solit\u00e4r\",\"INKARHO\u00ae-Rhododendron: Dank Kalktoleranz f\u00fcr viele Standorte geeignet\"],\"variants\" : [ {\"sku\": \"OP-RHIN-0386\",\"available\": true, \"compareAtPriceString\": \"\", \"priceString\": \"39,99 \u20ac\", \"compareAtPrice\": 0.0, \"price\": 39.99, \"sale\":false, \"percentage\":\"\", \"priceCurrency\" : \"EUR\", \"url\" : \"https://shop.plantura.garden/products/rhododendron-inkarho-dufthecke-weiss?variant=44497032970506\",\"isSet\":false}], \"handle\" : \"rhododendron-inkarho-dufthecke-weiss\"}, { \"name\": \"Rhododendron \\u0026#39;Queen Bee\\u0026#39; Zartrosa-Wei\u00df\", \"unitPrice\" : \"\", \"compareAtPriceString\": \"\", \"priceString\": \"36,99 \u20ac\", \"compareAtPrice\": 0.0, \"price\": 36.99, \"sale\":false, \"percentage\":\"\", \"badge\": \"angebot\", \"url\": \"https://shop.plantura.garden/products/rhododendron-queen-bee-rosa-weiss\", \"available\": true, \"availabilityInfo\":\"\", \"campaignInfo\":\"pflanzen-draussen\",\"isSet\": false, \"priceLabel\": \"\", \"compareAtPriceLabel\": \"\",\"reviewsData\":{\"reviewCount\": 0, \"reviewAverageValue\": 0.0},\"image\": \"https://shop.plantura.garden/cdn/shop/files/rhododendron-queen-bee-kaufen_1476x.png?v=1692798842\",\"tags\": \"alpenrose,asia,beefriendly,evergreen,flowering shrubs,inkarho,inkarho rhododendron,live plants,outdoor,pflanzen,pot-discount,reiners,rhododendron\",\"bulletPoints\": [\"Rosafarbene Bl\u00fcten, die in ein strahlendes Wei\u00df mit dunkelrosa Zeichnung \u00fcbergehen\",\"Intensiv s\u00fc\u00dfer Honigduft \u2013 zieht von April bis Mai zahlreiche Insekten an\\n\",\"Kompakter Wuchs mit dekorativem Laub \u2013 ideal f\u00fcr das Beet, Balkon \\u0026 Terrasse\"],\"variants\" : [ {\"sku\": \"OP-RHQU-0378\",\"available\": true, \"compareAtPriceString\": \"\", \"priceString\": \"36,99 \u20ac\", \"compareAtPrice\": 0.0, \"price\": 36.99, \"sale\":false, \"percentage\":\"\", \"priceCurrency\" : \"EUR\", \"url\" : \"https://shop.plantura.garden/products/rhododendron-queen-bee-rosa-weiss?variant=44497033756938\",\"isSet\":false}], \"handle\" : \"rhododendron-queen-bee-rosa-weiss\"}, { \"name\": \"Rhododendron \\u0026#39;Wine and Roses\\u0026#39; Rosa\", \"unitPrice\" : \"\", \"compareAtPriceString\": \"\", \"priceString\": \"39,99 \u20ac\", \"compareAtPrice\": 0.0, \"price\": 39.99, \"sale\":false, \"percentage\":\"\", \"badge\": \"angebot\", \"url\": \"https://shop.plantura.garden/products/rhododendron-wine-and-roses-rosa\", \"available\": true, \"availabilityInfo\":\"\", \"campaignInfo\":\"pflanzen-draussen\",\"isSet\": false, \"priceLabel\": \"\", \"compareAtPriceLabel\": \"\",\"reviewsData\":{\"reviewCount\": 0, \"reviewAverageValue\": 0.0},\"image\": \"https://shop.plantura.garden/cdn/shop/files/rhododendron-wine-and-roses-kaufen_1476x.png?v=1692798858\",\"tags\": \"alpenrose,asia,balcony,evergreen,flowering shrubs,foliage,live plants,outdoor,pflanzen,pot-discount,reiners,rhododendron,rhododendron wine & roses\",\"bulletPoints\": [\"Strahlend rosafarbene Bl\u00fctenf\u00fclle von April bis Mai\",\"Laubsch\u00f6n: Zweifarbiges Laub mit tief weinrot gef\u00e4rbter Unterseite\",\"Kompakter, kugeliger Wuchs \u2013 ideal f\u00fcr Beet, Balkon \\u0026 Terrasse\"],\"variants\" : [ {\"sku\": \"OP-RHWI-0374\",\"available\": true, \"compareAtPriceString\": \"\", \"priceString\": \"39,99 \u20ac\", \"compareAtPrice\": 0.0, \"price\": 39.99, \"sale\":false, \"percentage\":\"\", \"priceCurrency\" : \"EUR\", \"url\" : \"https://shop.plantura.garden/products/rhododendron-wine-and-roses-rosa?variant=44497033822474\",\"isSet\":false}], \"handle\" : \"rhododendron-wine-and-roses-rosa\"}, { \"name\": \"Rhododendron Easydendron\u00ae \\u0026#39;Bellini\\u0026#39; Sanftgelb\", \"unitPrice\" : \"\", \"compareAtPriceString\": \"\", \"priceString\": \"39,99 \u20ac\", \"compareAtPrice\": 0.0, \"price\": 39.99, \"sale\":false, \"percentage\":\"\", \"badge\": \"angebot\", \"url\": \"https://shop.plantura.garden/products/rhododendron-easydendron-bellini-sanftgelb\", \"available\": true, \"availabilityInfo\":\"\", \"campaignInfo\":\"pflanzen-draussen\",\"isSet\": false, \"priceLabel\": \"\", \"compareAtPriceLabel\": \"\",\"reviewsData\":{\"reviewCount\": 5, \"reviewAverageValue\": 5.0},\"image\": \"https://shop.plantura.garden/cdn/shop/files/rhododendron-inkarho-easydendron-bellini-kaufen_1476x.png?v=1691766021\",\"tags\": \"alpenrose,asia,balcony,evergreen,flowering shrubs,foliage,live plants,outdoor,pflanzen,pontischer rhododendron,pot-discount,reiners,rhododendron,rhododendron ponticum,wild rhododendron\",\"bulletPoints\": [\"Wundersch\u00f6ne, sanftgelbe Bl\u00fcten mit zartrosa Zeichnung\",\"Prachtvolle Zierpflanze mit geringem Pflegeaufwand\",\"INKARHO\u00ae-Rhododendron: Kalktolerant \\u0026 f\u00fcr viele Standorte geeignet\"],\"variants\" : [ {\"sku\": \"OP-RHIN-0390\",\"available\": true, \"compareAtPriceString\": \"\", \"priceString\": \"39,99 \u20ac\", \"compareAtPrice\": 0.0, \"price\": 39.99, \"sale\":false, \"percentage\":\"\", \"priceCurrency\" : \"EUR\", \"url\" : \"https://shop.plantura.garden/products/rhododendron-easydendron-bellini-sanftgelb?variant=44497033265418\",\"isSet\":false}], \"handle\" : \"rhododendron-easydendron-bellini-sanftgelb\"}, { \"name\": \"Rhododendron Easydendron\u00ae \\u0026#39;Blaue Jungs\\u0026#39; Dunkellila\", \"unitPrice\" : \"\", \"compareAtPriceString\": \"\", \"priceString\": \"39,99 \u20ac\", \"compareAtPrice\": 0.0, \"price\": 39.99, \"sale\":false, \"percentage\":\"\", \"badge\": \"angebot\", \"url\": \"https://shop.plantura.garden/products/rhododendron-easydendron-blaue-jungs-dunkellila\", \"available\": true, \"availabilityInfo\":\"\", \"campaignInfo\":\"pflanzen-draussen\",\"isSet\": false, \"priceLabel\": \"\", \"compareAtPriceLabel\": \"\",\"reviewsData\":{\"reviewCount\": 5, \"reviewAverageValue\": 5.0},\"image\": \"https://shop.plantura.garden/cdn/shop/files/rhododendron-inkarho-easydendron-blaue-jungs-kaufen_1476x.png?v=1692798830\",\"tags\": \"alpenrose,asia,balcony,bloombux,evergreen,flowering shrubs,live plants,outdoor,pflanzen,pot-discount,reiners,rhododendron,rhododendron micranthum,zwerg rhododendron\",\"bulletPoints\": [\"Bienenfreundliches, blau-lilafarbenes Bl\u00fctenmeer\",\"Geringer Pflegeaufwand: Robust \\u0026 \u00e4u\u00dferst anspruchslos\",\"INKARHO\u00ae-Rhododendron: Kalktolerant \\u0026 f\u00fcr viele Standorte geeignet\"],\"variants\" : [ {\"sku\": \"OP-RHIN-0389\",\"available\": true, \"compareAtPriceString\": \"\", \"priceString\": \"39,99 \u20ac\", \"compareAtPrice\": 0.0, \"price\": 39.99, \"sale\":false, \"percentage\":\"\", \"priceCurrency\" : \"EUR\", \"url\" : \"https://shop.plantura.garden/products/rhododendron-easydendron-blaue-jungs-dunkellila?variant=44497033232650\",\"isSet\":false}], \"handle\" : \"rhododendron-easydendron-blaue-jungs-dunkellila\"}, { \"name\": \"Rhododendron Easydendron\u00ae \\u0026#39;Gomer Waterer\\u0026#39; Wei\u00df-Rosa\", \"unitPrice\" : \"\", \"compareAtPriceString\": \"\", \"priceString\": \"39,99 \u20ac\", \"compareAtPrice\": 0.0, \"price\": 39.99, \"sale\":false, \"percentage\":\"\", \"badge\": \"angebot\", \"url\": \"https://shop.plantura.garden/products/rhododendron-easydendron-gomer-waterer-weiss-rosa\", \"available\": true, \"availabilityInfo\":\"\", \"campaignInfo\":\"pflanzen-draussen\",\"isSet\": false, \"priceLabel\": \"\", \"compareAtPriceLabel\": \"\",\"reviewsData\":{\"reviewCount\": 5, \"reviewAverageValue\": 5.0},\"image\": \"https://shop.plantura.garden/cdn/shop/files/rhododendron-inkarho-easydendron-gomer-waterer-kaufen_50b4038f-1874-4b0d-acf6-471d4f14a448_1476x.png?v=1691765994\",\"tags\": \"alpenrose,asia,balcony,bloombux,evergreen,flowering shrubs,live plants,outdoor,pflanzen,pot-discount,reiners,rhododendron,rhododendron micranthum,zwerg rhododendron\",\"bulletPoints\": [\"Eindrucksvolle wei\u00df-rosafarbene Bl\u00fcten mit gelbgr\u00fcner Zeichnung\",\"Immergr\u00fcn \\u0026 winterhart \u2013 \u00e4u\u00dferst pflegeleicht \\u0026 unkompliziert\\n\",\"INKARHO\u00ae-Rhododendron: Kalktolerant \\u0026 f\u00fcr viele Standorte geeignet\"],\"variants\" : [ {\"sku\": \"OP-RHIN-0388\",\"available\": true, \"compareAtPriceString\": \"\", \"priceString\": \"39,99 \u20ac\", \"compareAtPrice\": 0.0, \"price\": 39.99, \"sale\":false, \"percentage\":\"\", \"priceCurrency\" : \"EUR\", \"url\" : \"https://shop.plantura.garden/products/rhododendron-easydendron-gomer-waterer-weiss-rosa?variant=44497033068810\",\"isSet\":false}], \"handle\" : \"rhododendron-easydendron-gomer-waterer-weiss-rosa\"}, { \"name\": \"Rhododendron Easydendron\u00ae \\u0026#39;Karl Naue\\u0026#39; Rot\", \"unitPrice\" : \"\", \"compareAtPriceString\": \"\", \"priceString\": \"39,99 \u20ac\", \"compareAtPrice\": 0.0, \"price\": 39.99, \"sale\":false, \"percentage\":\"\", \"badge\": \"angebot\", \"url\": \"https://shop.plantura.garden/products/rhododendron-easydendron-karl-naue-rot\", \"available\": true, \"availabilityInfo\":\"\", \"campaignInfo\":\"pflanzen-draussen\",\"isSet\": false, \"priceLabel\": \"\", \"compareAtPriceLabel\": \"\",\"reviewsData\":{\"reviewCount\": 5, \"reviewAverageValue\": 5.0},\"image\": \"https://shop.plantura.garden/cdn/shop/files/rhododendron-inkarho-easydendron-karl-naue-kaufen_1476x.png?v=1691765981\",\"tags\": \"alpenrose,asia,easydendron,evergreen,flowering shrubs,inkarho,inkarho rhododendron,live plants,outdoor,pflanzen,pot-discount,reiners,rhododendron\",\"bulletPoints\": [\"Beeindruckende Bl\u00fctenpracht in kr\u00e4ftigem Rot\",\"Au\u00dfergew\u00f6hnlich pflegeleicht \\u0026 anspruchslos\",\"INKARHO\u00ae-Rhododendron: Kalktolerant \\u0026 f\u00fcr viele Standorte geeignet\"],\"variants\" : [ {\"sku\": \"OP-RHIN-0387\",\"available\": true, \"compareAtPriceString\": \"\", \"priceString\": \"39,99 \u20ac\", \"compareAtPrice\": 0.0, \"price\": 39.99, \"sale\":false, \"percentage\":\"\", \"priceCurrency\" : \"EUR\", \"url\" : \"https://shop.plantura.garden/products/rhododendron-easydendron-karl-naue-rot?variant=44497033036042\",\"isSet\":false}], \"handle\" : \"rhododendron-easydendron-karl-naue-rot\"}, { \"name\": \"Riesen-Palmlilie\", \"unitPrice\" : \"\", \"compareAtPriceString\": \"\", \"priceString\": \"32,99 \u20ac\", \"compareAtPrice\": 0.0, \"price\": 32.99, \"sale\":false, \"percentage\":\"\", \"badge\": \"angebot\", \"url\": \"https://shop.plantura.garden/products/riesen-palmlilie-yucca-elephantipes\", \"available\": true, \"availabilityInfo\":\"\", \"campaignInfo\":\"zimmerpflanzen\",\"isSet\": false, \"priceLabel\": \"\", \"compareAtPriceLabel\": \"\",\"reviewsData\":{\"reviewCount\": 6, \"reviewAverageValue\": 4.7},\"image\": \"https://shop.plantura.garden/cdn/shop/products/plantura-riesen-palmlilie-kaufen_1476x.png?v=1663156409\",\"tags\": \"eflora,gr\u00fcnpflanzen,indoor,live plants,pflanzen,pflegeleicht,pot-discount\",\"bulletPoints\": [\"Exotische Zimmerpflanze mit langen, spitzen Bl\u00e4ttern \\u0026 dickem Stamm\",\"Besonders pflegeleicht \\u0026 unkompliziert \u2013 perfekt f\u00fcr Einsteiger geeignet\",\"W\u00e4chst an sehr hellen Standorten \\u0026 auch im Halbschatten\"],\"variants\" : [ {\"sku\": \"IP-YUEL-0024\",\"available\": true, \"compareAtPriceString\": \"\", \"priceString\": \"32,99 \u20ac\", \"compareAtPrice\": 0.0, \"price\": 32.99, \"sale\":false, \"percentage\":\"\", \"priceCurrency\" : \"EUR\", \"url\" : \"https://shop.plantura.garden/products/riesen-palmlilie-yucca-elephantipes?variant=43725409911050\",\"isSet\":false}], \"handle\" : \"riesen-palmlilie-yucca-elephantipes\"}, { \"name\": \"Rispenhortensie \\u0026#39;Bobo\\u0026#39;\u00ae\", \"unitPrice\" : \"\", \"compareAtPriceString\": \"\", \"priceString\": \"26,99 \u20ac\", \"compareAtPrice\": 0.0, \"price\": 26.99, \"sale\":false, \"percentage\":\"\", \"badge\": \"angebot\", \"url\": \"https://shop.plantura.garden/products/rispenhortensie-bobo\", \"available\": false, \"availabilityInfo\":\"\", \"campaignInfo\":\"pflanzen-draussen\",\"isSet\": false, \"priceLabel\": \"\", \"compareAtPriceLabel\": \"\",\"reviewsData\":{\"reviewCount\": 6, \"reviewAverageValue\": 4.3},\"image\": \"https://shop.plantura.garden/cdn/shop/files/plantura-rispenhortensie-bobo-kaufen_1476x.png?v=1692796956\",\"tags\": \"ballhortensien,bauernhortensien,beefriendly,flowering shrubs,gartenhortensien,hortensie,hydrangea,hydrangea paniculata,jeddeloh,live plants,outdoor,pflanzen,pot-discount,tellerhortensien\",\"bulletPoints\": [\"Kompakte Rispenhortensie mit niedrigem Wuchs \u2013 ideal f\u00fcr Balkon \\u0026 Terrasse\",\"Zahlreiche bienenfreundliche, rahmwei\u00dfe Bl\u00fcten von Juni bis in den Oktober\",\"Steht gerne sonnig bis halbschattig auf n\u00e4hrstoffreichen B\u00f6den\"],\"variants\" : [ {\"sku\": \"OP-HYPA-0010\",\"available\": false, \"compareAtPriceString\": \"\", \"priceString\": \"26,99 \u20ac\", \"compareAtPrice\": 0.0, \"price\": 26.99, \"sale\":false, \"percentage\":\"\", \"priceCurrency\" : \"EUR\", \"url\" : \"https://shop.plantura.garden/products/rispenhortensie-bobo?variant=43534124974346\",\"isSet\":false}], \"handle\" : \"rispenhortensie-bobo\"}, { \"name\": \"Rispenhortensie \\u0026#39;Limelight\\u0026#39;\u00ae\", \"unitPrice\" : \"\", \"compareAtPriceString\": \"\", \"priceString\": \"25,99 \u20ac\", \"compareAtPrice\": 0.0, \"price\": 25.99, \"sale\":false, \"percentage\":\"\", \"badge\": \"angebot\", \"url\": \"https://shop.plantura.garden/products/rispenhortensie-limelight\", \"available\": false, \"availabilityInfo\":\"\", \"campaignInfo\":\"pflanzen-draussen\",\"isSet\": false, \"priceLabel\": \"\", \"compareAtPriceLabel\": \"\",\"reviewsData\":{\"reviewCount\": 4, \"reviewAverageValue\": 5.0},\"image\": \"https://shop.plantura.garden/cdn/shop/files/plantura-rispenhortensie-limelight-c6-kaufen_1132x.png?v=1692796921\",\"tags\": \"ballhortensien,bauernhortensien,beefriendly,flowering shrubs,gartenhortensien,hortensie,hydrangea,hydrangea paniculata,jeddeloh,live plants,outdoor,pflanzen,pot-discount,tellerhortensien\",\"bulletPoints\": [\"\u00dcppige \\u0026 langanhaltende Bl\u00fctenpracht in Cremewei\u00df bis Limettengr\u00fcn\",\"Bienenfreundliche Rispenhortensie f\u00fcr Topf oder Beet\",\"Perfekt f\u00fcr sonnige bis halbschattige Standorte mit humosem Boden\"],\"variants\" : [ {\"sku\": \"OP-HYPA-0008\",\"available\": false, \"compareAtPriceString\": \"\", \"priceString\": \"25,99 \u20ac\", \"compareAtPrice\": 0.0, \"price\": 25.99, \"sale\":false, \"percentage\":\"\", \"priceCurrency\" : \"EUR\", \"url\" : \"https://shop.plantura.garden/products/rispenhortensie-limelight?variant=43534124843274\",\"isSet\":false}, {\"sku\": \"OP-HYPA-0054\",\"available\": false, \"compareAtPriceString\": \"\", \"priceString\": \"39,99 \u20ac\", \"compareAtPrice\": 0.0, \"price\": 39.99, \"sale\":false, \"percentage\":\"\", \"priceCurrency\" : \"EUR\", \"url\" : \"https://shop.plantura.garden/products/rispenhortensie-limelight?variant=43656095334666\",\"isSet\":false}, {\"sku\": \"OP-HYPA-0060\",\"available\": false, \"compareAtPriceString\": \"\", \"priceString\": \"69,99 \u20ac\", \"compareAtPrice\": 0.0, \"price\": 69.99, \"sale\":false, \"percentage\":\"\", \"priceCurrency\" : \"EUR\", \"url\" : \"https://shop.plantura.garden/products/rispenhortensie-limelight?variant=44373979463946\",\"isSet\":false}], \"handle\" : \"rispenhortensie-limelight\"}, { \"name\": \"Rispenhortensie \\u0026#39;Magical Matterhorn\\u0026#39;\u00ae\", \"unitPrice\" : \"\", \"compareAtPriceString\": \"\", \"priceString\": \"39,99 \u20ac\", \"compareAtPrice\": 0.0, \"price\": 39.99, \"sale\":false, \"percentage\":\"\", \"badge\": \"angebot\", \"url\": \"https://shop.plantura.garden/products/rispenhortensie-magical-matterhorn\", \"available\": false, \"availabilityInfo\":\"\", \"campaignInfo\":\"pflanzen-draussen\",\"isSet\": false, \"priceLabel\": \"\", \"compareAtPriceLabel\": \"\",\"reviewsData\":{\"reviewCount\": 2, \"reviewAverageValue\": 5.0},\"image\": \"https://shop.plantura.garden/cdn/shop/files/rispenhortensie-magical-matterhorn_1211x.png?v=1691764169\",\"tags\": \"ballhortensien,bauernhortensien,beefriendly,flowering shrubs,gartenhortensien,hortensie,hydrangea,hydrangea paniculata,jeddeloh,live plants,outdoor,pflanzen,pot-discount,tellerhortensien\",\"bulletPoints\": [\"Duftende, bienenfreundliche Bl\u00fctenrispen in strahlendem Wei\u00df\",\"Kompakter, reich verzweigter Strauch: Ideal f\u00fcr Topf \\u0026 Beet\",\"Liebt sonnige bis halbschattige Standorte\"],\"variants\" : [ {\"sku\": \"OP-HYPA-0055\",\"available\": false, \"compareAtPriceString\": \"\", \"priceString\": \"39,99 \u20ac\", \"compareAtPrice\": 0.0, \"price\": 39.99, \"sale\":false, \"percentage\":\"\", \"priceCurrency\" : \"EUR\", \"url\" : \"https://shop.plantura.garden/products/rispenhortensie-magical-matterhorn?variant=43655003603210\",\"isSet\":false}], \"handle\" : \"rispenhortensie-magical-matterhorn\"}, { \"name\": \"Rispenhortensie \\u0026#39;Pinky Winky\\u0026#39;\u00ae\", \"unitPrice\" : \"\", \"compareAtPriceString\": \"\", \"priceString\": \"26,99 \u20ac\", \"compareAtPrice\": 0.0, \"price\": 26.99, \"sale\":false, \"percentage\":\"\", \"badge\": \"angebot\", \"url\": \"https://shop.plantura.garden/products/rispenhortensie-pinky-winky\", \"available\": false, \"availabilityInfo\":\"Verf\u00fcgbar ab Fr\u00fchjahr 2024\", \"campaignInfo\":\"pflanzen-draussen\",\"isSet\": false, \"priceLabel\": \"\", \"compareAtPriceLabel\": \"\",\"reviewsData\":{\"reviewCount\": 2, \"reviewAverageValue\": 4.5},\"image\": \"https://shop.plantura.garden/cdn/shop/files/plantura-rispenhortensie-pinky-winky-kaufen_1476x.png?v=1692796943\",\"tags\": \"ballhortensien,bauernhortensien,beefriendly,flowering shrubs,gartenhortensien,hortensie,hydrangea,hydrangea paniculata,jeddeloh,live plants,outdoor,pflanzen,pot-discount,tellerhortensien\",\"bulletPoints\": [\"Zweifarbige Rispenhortensie: Bl\u00fcten f\u00e4rben sich von Wei\u00df zu R\u00f6tlich\",\"Bienenfreundlich \\u0026 winterhart f\u00fcr Topf oder Beet\",\"Liebt sonnige bis halbschattige Standorte mit n\u00e4hrstoffreichem Boden\"],\"variants\" : [ {\"sku\": \"OP-HYPA-0009\",\"available\": false, \"compareAtPriceString\": \"\", \"priceString\": \"26,99 \u20ac\", \"compareAtPrice\": 0.0, \"price\": 26.99, \"sale\":false, \"percentage\":\"\", \"priceCurrency\" : \"EUR\", \"url\" : \"https://shop.plantura.garden/products/rispenhortensie-pinky-winky?variant=43534124876042\",\"isSet\":false}], \"handle\" : \"rispenhortensie-pinky-winky\"}, { \"name\": \"Rispenhortensie \\u0026#39;Wim`s Red\\u0026#39;\u00ae Wei\u00df-Rot\", \"unitPrice\" : \"\", \"compareAtPriceString\": \"\", \"priceString\": \"26,99 \u20ac\", \"compareAtPrice\": 0.0, \"price\": 26.99, \"sale\":false, \"percentage\":\"\", \"badge\": \"angebot\", \"url\": \"https://shop.plantura.garden/products/rispenhortensie-wims-red-weiss-rot\", \"available\": false, \"availabilityInfo\":\"\", \"campaignInfo\":\"pflanzen-draussen\",\"isSet\": false, \"priceLabel\": \"\", \"compareAtPriceLabel\": \"\",\"reviewsData\":{\"reviewCount\": 1, \"reviewAverageValue\": 5.0},\"image\": \"https://shop.plantura.garden/cdn/shop/files/rispenhortensie-wims-red-kaufen_1476x.png?v=1692796970\",\"tags\": \"flowering shrubs,hydrangea,jeddeloh,live plants,outdoor,pflanzen,pot-discount\",\"bulletPoints\": [\"Bl\u00fctenrispen mit spektakul\u00e4rem Farbwechsel von Reinwei\u00df zu Bordeauxrot\",\"Lange Bl\u00fctezeit von Juli bis September \\u0026 honigs\u00fc\u00dfer Duft\\n\",\"Pflegeleicht \\u0026 frosthart \u2013 auch f\u00fcr den Topf geeignet\\n\"],\"variants\" : [ {\"sku\": \"OP-HYPA-0279\",\"available\": false, \"compareAtPriceString\": \"\", \"priceString\": \"26,99 \u20ac\", \"compareAtPrice\": 0.0, \"price\": 26.99, \"sale\":false, \"percentage\":\"\", \"priceCurrency\" : \"EUR\", \"url\" : \"https://shop.plantura.garden/products/rispenhortensie-wims-red-weiss-rot?variant=44373896036618\",\"isSet\":false}], \"handle\" : \"rispenhortensie-wims-red-weiss-rot\"}, { \"name\": \"Rispenhortensie Living Creations\u00ae \\u0026#39;Living Little Blossom\\u0026#39;\u00ae\", \"unitPrice\" : \"\", \"compareAtPriceString\": \"39,99 \u20ac\", \"priceString\": \"29,99 \u20ac\", \"compareAtPrice\": 39.99, \"price\": 29.99, \"sale\":false, \"percentage\":\"25%\", \"badge\": \"angebot\", \"url\": \"https://shop.plantura.garden/products/rispenhortensie-living-creations-living-little-blossom\", \"available\": true, \"availabilityInfo\":\"\", \"campaignInfo\":\"pflanzen-draussen\",\"isSet\": false, \"priceLabel\": \"\", \"compareAtPriceLabel\": \"\",\"reviewsData\":{\"reviewCount\": 75, \"reviewAverageValue\": 4.7},\"image\": \"https://shop.plantura.garden/cdn/shop/files/rispenhortensie-living-creations-living-little-blossom-kaufen_1476x.png?v=1692796998\",\"tags\": \"angebot,balcony,beefriendly,flowering shrubs,hortensie,hydrangea,hydrangea paniculata,live plants,living creations,outdoor,pflanzen,pot-discount,reiners,rispenhortensie\",\"bulletPoints\": [\"Farbverlauf der Bl\u00fcten von Wei\u00df zu Zartrosa\",\"Sehr kompakte Rispenhortensie mit 100 Tagen Bl\u00fcte jedes Jahr\",\"Pflegeleicht \\u0026 frosthart \u2013 auch ideal f\u00fcr Einsteiger\"],\"variants\" : [ {\"sku\": \"OP-HYPA-0438\",\"available\": true, \"compareAtPriceString\": \"39,99 \u20ac\", \"priceString\": \"29,99 \u20ac\", \"compareAtPrice\": 39.99, \"price\": 29.99, \"sale\":true, \"percentage\":\"25%\", \"priceCurrency\" : \"EUR\", \"url\" : \"https://shop.plantura.garden/products/rispenhortensie-living-creations-living-little-blossom?variant=44544575242506\",\"isSet\":false}], \"handle\" : \"rispenhortensie-living-creations-living-little-blossom\"}, { \"name\": \"Rispenhortensie Living Creations\u00ae \\u0026#39;Living Pink \\u0026amp; Rose\\u0026#39;\u00ae\", \"unitPrice\" : \"\", \"compareAtPriceString\": \"39,99 \u20ac\", \"priceString\": \"29,99 \u20ac\", \"compareAtPrice\": 39.99, \"price\": 29.99, \"sale\":false, \"percentage\":\"25%\", \"badge\": \"angebot\", \"url\": \"https://shop.plantura.garden/products/rispenhortensie-living-creations-living-pink-und-rose\", \"available\": true, \"availabilityInfo\":\"\", \"campaignInfo\":\"pflanzen-draussen\",\"isSet\": false, \"priceLabel\": \"\", \"compareAtPriceLabel\": \"\",\"reviewsData\":{\"reviewCount\": 75, \"reviewAverageValue\": 4.7},\"image\": \"https://shop.plantura.garden/cdn/shop/files/rispenhortensie-living-creations-living-pink-und-rose-kaufen_1476x.png?v=1691764284\",\"tags\": \"angebot,balcony,beefriendly,flowering shrubs,hortensie,hydrangea,hydrangea paniculata,live plants,living creations,outdoor,pflanzen,pot-discount,reiners,rispenhortensie\",\"bulletPoints\": [\"\u00dcppige Bl\u00fcten mit Farbverlauf von Wei\u00df zu intensivem Pink\",\"Gro\u00dfe Rispenhortensie mit starken Trieben \\u0026 100 Tagen Bl\u00fcte im Jahr\",\"Pflegeleicht, frosthart \\u0026 ideal f\u00fcr Einsteiger geeignet\"],\"variants\" : [ {\"sku\": \"OP-HYPA-0439\",\"available\": true, \"compareAtPriceString\": \"39,99 \u20ac\", \"priceString\": \"29,99 \u20ac\", \"compareAtPrice\": 39.99, \"price\": 29.99, \"sale\":true, \"percentage\":\"25%\", \"priceCurrency\" : \"EUR\", \"url\" : \"https://shop.plantura.garden/products/rispenhortensie-living-creations-living-pink-und-rose?variant=44544587792650\",\"isSet\":false}], \"handle\" : \"rispenhortensie-living-creations-living-pink-und-rose\"}, { \"name\": \"Rispenhortensie Living Creations\u00ae \\u0026#39;Living Pinky Promise\\u0026#39;\u00ae\", \"unitPrice\" : \"\", \"compareAtPriceString\": \"39,99 \u20ac\", \"priceString\": \"29,99 \u20ac\", \"compareAtPrice\": 39.99, \"price\": 29.99, \"sale\":false, \"percentage\":\"25%\", \"badge\": \"angebot\", \"url\": \"https://shop.plantura.garden/products/rispenhortensie-living-creations-living-pinky-promise\", \"available\": true, \"availabilityInfo\":\"\", \"campaignInfo\":\"pflanzen-draussen\",\"isSet\": false, \"priceLabel\": \"\", \"compareAtPriceLabel\": \"\",\"reviewsData\":{\"reviewCount\": 75, \"reviewAverageValue\": 4.7},\"image\": \"https://shop.plantura.garden/cdn/shop/files/rispenhortensie-living-creations-living-pinky-promise-kaufen_1476x.png?v=1691764231\",\"tags\": \"angebot,balcony,beefriendly,flowering shrubs,hortensie,hydrangea,hydrangea paniculata,live plants,living creations,outdoor,pflanzen,pot-discount,reiners,rispenhortensie\",\"bulletPoints\": [\"Herrlicher Farbverlauf der Bl\u00fctenrispen von Wei\u00df zu kr\u00e4ftigem Pink\",\"Sehr starke \\u0026 kompakte Rispenhortensie mit 100 Tagen Bl\u00fcte jedes Jahr\",\"Ideal f\u00fcr Einsteiger: Extrem pflegeleicht \\u0026 frosthart\"],\"variants\" : [ {\"sku\": \"OP-HYPA-0437\",\"available\": true, \"compareAtPriceString\": \"39,99 \u20ac\", \"priceString\": \"29,99 \u20ac\", \"compareAtPrice\": 39.99, \"price\": 29.99, \"sale\":true, \"percentage\":\"25%\", \"priceCurrency\" : \"EUR\", \"url\" : \"https://shop.plantura.garden/products/rispenhortensie-living-creations-living-pinky-promise?variant=44544565313802\",\"isSet\":false}], \"handle\" : \"rispenhortensie-living-creations-living-pinky-promise\"}, { \"name\": \"Rispenhortensie Living Creations\u00ae \\u0026#39;Living Royal Flower\\u0026#39;\u00ae\", \"unitPrice\" : \"\", \"compareAtPriceString\": \"39,99 \u20ac\", \"priceString\": \"29,99 \u20ac\", \"compareAtPrice\": 39.99, \"price\": 29.99, \"sale\":false, \"percentage\":\"25%\", \"badge\": \"angebot\", \"url\": \"https://shop.plantura.garden/products/rispenhortensie-living-creations-living-royal-flower\", \"available\": true, \"availabilityInfo\":\"\", \"campaignInfo\":\"pflanzen-draussen\",\"isSet\": false, \"priceLabel\": \"\", \"compareAtPriceLabel\": \"\",\"reviewsData\":{\"reviewCount\": 75, \"reviewAverageValue\": 4.7},\"image\": \"https://shop.plantura.garden/cdn/shop/files/rispenhortensie-living-creations-living-royal-flower-kaufen_1476x.png?v=1692797021\",\"tags\": \"angebot,balcony,beefriendly,flowering shrubs,hortensie,hydrangea,hydrangea paniculata,live plants,living creations,outdoor,pflanzen,pot-discount,reiners,rispenhortensie\",\"bulletPoints\": [\"Gro\u00dfe Bl\u00fctenrispen mit Farbverlauf von Wei\u00df zu Pink\",\"Starke Rispenhortensie mit 100 Tagen Bl\u00fctezeit jedes Jahr\",\"Extrem pflegeleicht \\u0026 frosthart \u2013 auch f\u00fcr Einsteiger\"],\"variants\" : [ {\"sku\": \"OP-HYPA-0440\",\"available\": true, \"compareAtPriceString\": \"39,99 \u20ac\", \"priceString\": \"29,99 \u20ac\", \"compareAtPrice\": 39.99, \"price\": 29.99, \"sale\":true, \"percentage\":\"25%\", \"priceCurrency\" : \"EUR\", \"url\" : \"https://shop.plantura.garden/products/rispenhortensie-living-creations-living-royal-flower?variant=44544602571018\",\"isSet\":false}], \"handle\" : \"rispenhortensie-living-creations-living-royal-flower\"}, { \"name\": \"Rispenhortensie Living Creations\u00ae \\u0026#39;Living Strawberry Blossom\\u0026#39;\u00ae\", \"unitPrice\" : \"\", \"compareAtPriceString\": \"39,99 \u20ac\", \"priceString\": \"29,99 \u20ac\", \"compareAtPrice\": 39.99, \"price\": 29.99, \"sale\":false, \"percentage\":\"25%\", \"badge\": \"angebot\", \"url\": \"https://shop.plantura.garden/products/rispenhortensie-living-creations-living-strawberry-blossom\", \"available\": true, \"availabilityInfo\":\"\", \"campaignInfo\":\"pflanzen-draussen\",\"isSet\": false, \"priceLabel\": \"\", \"compareAtPriceLabel\": \"\",\"reviewsData\":{\"reviewCount\": 75, \"reviewAverageValue\": 4.7},\"image\": \"https://shop.plantura.garden/cdn/shop/files/rispenhortensie-living-creations-living-strawberry-blossom-kaufen_1476x.png?v=1692797042\",\"tags\": \"angebot,balcony,beefriendly,flowering shrubs,hortensie,hydrangea,hydrangea paniculata,live plants,living creations,outdoor,pflanzen,pot-discount,reiners,rispenhortensie\",\"bulletPoints\": [\"Eindrucksvoller Farbwechsel von reinem Wei\u00df zu kr\u00e4ftigem Pink\",\"Starke Rispenhortensie mit 100 Tagen Bl\u00fctezeit jedes Jahr\",\"Extrem frosthart \\u0026 pflegeleicht \u2013 f\u00fcr Einsteiger \\u0026 Liebhaber\"],\"variants\" : [ {\"sku\": \"OP-HYPA-0441\",\"available\": true, \"compareAtPriceString\": \"39,99 \u20ac\", \"priceString\": \"29,99 \u20ac\", \"compareAtPrice\": 39.99, \"price\": 29.99, \"sale\":true, \"percentage\":\"25%\", \"priceCurrency\" : \"EUR\", \"url\" : \"https://shop.plantura.garden/products/rispenhortensie-living-creations-living-strawberry-blossom?variant=44544620691722\",\"isSet\":false}], \"handle\" : \"rispenhortensie-living-creations-living-strawberry-blossom\"}, { \"name\": \"Rispenhortensie Living Creations\u00ae \\u0026#39;Living Sugar Rush\\u0026#39;\u00ae\", \"unitPrice\" : \"\", \"compareAtPriceString\": \"39,99 \u20ac\", \"priceString\": \"29,99 \u20ac\", \"compareAtPrice\": 39.99, \"price\": 29.99, \"sale\":false, \"percentage\":\"25%\", \"badge\": \"angebot\", \"url\": \"https://shop.plantura.garden/products/rispenhortensie-living-creations-living-sugar-rush\", \"available\": true, \"availabilityInfo\":\"\", \"campaignInfo\":\"pflanzen-draussen\",\"isSet\": false, \"priceLabel\": \"\", \"compareAtPriceLabel\": \"\",\"reviewsData\":{\"reviewCount\": 75, \"reviewAverageValue\": 4.7},\"image\": \"https://shop.plantura.garden/cdn/shop/files/rispenhortensie-living-creations-living-sugar-rush-kaufen_1476x.png?v=1691764206\",\"tags\": \"angebot,balcony,beefriendly,flowering shrubs,hortensie,hydrangea,hydrangea paniculata,live plants,living creations,outdoor,pflanzen,pot-discount,reiners,rispenhortensie\",\"bulletPoints\": [\"Spektakul\u00e4re Bl\u00fctenrispen mit sanftem Farbverlauf von Creme zu Wei\u00df\",\"Mittelgro\u00dfe Rispenhortensie mit 100 Tagen Bl\u00fcte jedes Jahr\",\"Extrem pflegeleicht \\u0026 frosthart \u2013 ideal f\u00fcr Einsteiger\"],\"variants\" : [ {\"sku\": \"OP-HYPA-0436\",\"available\": true, \"compareAtPriceString\": \"39,99 \u20ac\", \"priceString\": \"29,99 \u20ac\", \"compareAtPrice\": 39.99, \"price\": 29.99, \"sale\":true, \"percentage\":\"25%\", \"priceCurrency\" : \"EUR\", \"url\" : \"https://shop.plantura.garden/products/rispenhortensie-living-creations-living-sugar-rush?variant=44544538738954\",\"isSet\":false}], \"handle\" : \"rispenhortensie-living-creations-living-sugar-rush\"}, { \"name\": \"Rispenhortensie Living Creations\u00ae \\u0026#39;Living Summer Love\\u0026#39;\u00ae\", \"unitPrice\" : \"\", \"compareAtPriceString\": \"39,99 \u20ac\", \"priceString\": \"29,99 \u20ac\", \"compareAtPrice\": 39.99, \"price\": 29.99, \"sale\":false, \"percentage\":\"25%\", \"badge\": \"angebot\", \"url\": \"https://shop.plantura.garden/products/rispenhortensie-living-creations-living-summer-love\", \"available\": true, \"availabilityInfo\":\"\", \"campaignInfo\":\"pflanzen-draussen\",\"isSet\": false, \"priceLabel\": \"\", \"compareAtPriceLabel\": \"\",\"reviewsData\":{\"reviewCount\": 75, \"reviewAverageValue\": 4.7},\"image\": \"https://shop.plantura.garden/cdn/shop/files/rispenhortensie-living-creations-living-summer-love-kaufen_1476x.png?v=1692797068\",\"tags\": \"angebot,balcony,beefriendly,flowering shrubs,hortensie,hydrangea,hydrangea paniculata,live plants,living creations,outdoor,pflanzen,pot-discount,reiners,rispenhortensie\",\"bulletPoints\": [\"Wundersch\u00f6ne Bl\u00fcten mit Farbwechsel von Wei\u00df zu Rosa\",\"Mittelgro\u00dfe Rispenhortensie mit 100 Tagen Bl\u00fcte jedes Jahr\",\"Pflegeleicht \\u0026 winterhart \u2013 auch f\u00fcr Anf\u00e4nger geeignet\"],\"variants\" : [ {\"sku\": \"OP-HYPA-0442\",\"available\": true, \"compareAtPriceString\": \"39,99 \u20ac\", \"priceString\": \"29,99 \u20ac\", \"compareAtPrice\": 39.99, \"price\": 29.99, \"sale\":true, \"percentage\":\"25%\", \"priceCurrency\" : \"EUR\", \"url\" : \"https://shop.plantura.garden/products/rispenhortensie-living-creations-living-summer-love?variant=44544635502858\",\"isSet\":false}], \"handle\" : \"rispenhortensie-living-creations-living-summer-love\"}, { \"name\": \"Rose Zepeti\u00ae\", \"unitPrice\" : \"\", \"compareAtPriceString\": \"\", \"priceString\": \"29,99 \u20ac\", \"compareAtPrice\": 0.0, \"price\": 29.99, \"sale\":false, \"percentage\":\"\", \"badge\": \"angebot\", \"url\": \"https://shop.plantura.garden/products/rose-zepeti\", \"available\": false, \"availabilityInfo\":\"\", \"campaignInfo\":\"pflanzen-draussen\",\"isSet\": false, \"priceLabel\": \"\", \"compareAtPriceLabel\": \"\",\"reviewsData\":{\"reviewCount\": 119, \"reviewAverageValue\": 4.5},\"image\": \"https://shop.plantura.garden/cdn/shop/files/plantura-rose-zepeti-kaufen_1476x.png?v=1691766445\",\"tags\": \"balcony,beetrose,drought tolerant,flowering shrubs,jeddeloh,live plants,meilland,muttertag,outdoor,pflanzen,pot-discount,rosa,rosa x hybrida,rose,rosen\",\"bulletPoints\": [\"Echter Dauerbl\u00fcher von Mai bis in den Dezember\",\"Au\u00dfergew\u00f6hnlich pflegeleicht \\u0026 widerstandsf\u00e4hig gegen\u00fcber Krankheiten\",\"Kompakter, runder Wuchs \u2013 ideal f\u00fcr Topf oder Beet\"],\"variants\" : [ {\"sku\": \"OP-ROHY-0001\",\"available\": false, \"compareAtPriceString\": \"\", \"priceString\": \"29,99 \u20ac\", \"compareAtPrice\": 0.0, \"price\": 29.99, \"sale\":false, \"percentage\":\"\", \"priceCurrency\" : \"EUR\", \"url\" : \"https://shop.plantura.garden/products/rose-zepeti?variant=43534125007114\",\"isSet\":false}, {\"sku\": \"OP-ROSA-0435\",\"available\": false, \"compareAtPriceString\": \"\", \"priceString\": \"79,99 \u20ac\", \"compareAtPrice\": 0.0, \"price\": 79.99, \"sale\":false, \"percentage\":\"\", \"priceCurrency\" : \"EUR\", \"url\" : \"https://shop.plantura.garden/products/rose-zepeti?variant=44498404180234\",\"isSet\":false}], \"handle\" : \"rose-zepeti\"}, { \"name\": \"Rose Zepeti\u00ae St\u00e4mmchen\", \"unitPrice\" : \"\", \"compareAtPriceString\": \"\", \"priceString\": \"39,99 \u20ac\", \"compareAtPrice\": 0.0, \"price\": 39.99, \"sale\":false, \"percentage\":\"\", \"badge\": \"angebot\", \"url\": \"https://shop.plantura.garden/products/rose-zepeti-staemmchen\", \"available\": false, \"availabilityInfo\":\"\", \"campaignInfo\":\"pflanzen-draussen\",\"isSet\": false, \"priceLabel\": \"\", \"compareAtPriceLabel\": \"\",\"reviewsData\":{\"reviewCount\": 119, \"reviewAverageValue\": 4.5},\"image\": \"https://shop.plantura.garden/cdn/shop/files/plantura-rose-zepeti-staemmchen-kaufen_1476x.png?v=1692799008\",\"tags\": \"balcony,beetrose,drought tolerant,flowering shrubs,hochstamm,hochst\u00e4mmchen,jeddeloh,live plants,meilland,muttertag,outdoor,pflanzen,pot-discount,rosa,rosa x hybrida,rose,rose hochstamm,rose hochst\u00e4mmchen,rosen,rosenstamm,stamm\",\"bulletPoints\": [\"Traumhaft sch\u00f6ner Dauerbl\u00fcher von Mai bis in den Dezember\",\"Besonders pflegeleicht \\u0026 widerstandsf\u00e4hig gegen\u00fcber Krankheiten\",\"St\u00e4mmchen mit kompaktem Wuchs \u2013 ideal f\u00fcr Topf oder Beet\"],\"variants\" : [ {\"sku\": \"OP-ROHY-0002\",\"available\": false, \"compareAtPriceString\": \"\", \"priceString\": \"39,99 \u20ac\", \"compareAtPrice\": 0.0, \"price\": 39.99, \"sale\":false, \"percentage\":\"\", \"priceCurrency\" : \"EUR\", \"url\" : \"https://shop.plantura.garden/products/rose-zepeti-staemmchen?variant=43534125039882\",\"isSet\":false}], \"handle\" : \"rose-zepeti-staemmchen\"}, { \"name\": \"Rote Zwerg-Berberitze \\u0026#39;Atropurpurea Nana\\u0026#39;\", \"unitPrice\" : \"\", \"compareAtPriceString\": \"\", \"priceString\": \"24,99 \u20ac\", \"compareAtPrice\": 0.0, \"price\": 24.99, \"sale\":false, \"percentage\":\"\", \"badge\": \"angebot\", \"url\": \"https://shop.plantura.garden/products/rote-zwerg-berberitze-atropurpurea-nana\", \"available\": true, \"availabilityInfo\":\"\", \"campaignInfo\":\"pflanzen-draussen\",\"isSet\": false, \"priceLabel\": \"\", \"compareAtPriceLabel\": \"\",\"reviewsData\":{\"reviewCount\": 1, \"reviewAverageValue\": 5.0},\"image\": \"https://shop.plantura.garden/cdn/shop/files/berberitze-atropurpurea-nana-kaufen_1280x.png?v=1692795979\",\"tags\": \"barberry,beefriendly,berberis,berberitze,birdfriendly,blutberberitze,deciduous shrubs,drought tolerant,foliage,heckenberberitze,jeddeloh,live plants,outdoor,pflanzen,pot-discount,thunberg berberitze\",\"bulletPoints\": [\"Dunkelrotes Laub \\u0026 kontrastreiche, gelbe Bl\u00fcten\",\"Kugelig wachsender Strauch \u2013 ideal als Beetumrandung oder f\u00fcr Topf \\u0026 Beet\",\"Robust: Frosthart, trockenheitsresistent \\u0026 schnittvertr\u00e4glich\"],\"variants\" : [ {\"sku\": \"OP-BETH-0258\",\"available\": true, \"compareAtPriceString\": \"\", \"priceString\": \"24,99 \u20ac\", \"compareAtPrice\": 0.0, \"price\": 24.99, \"sale\":false, \"percentage\":\"\", \"priceCurrency\" : \"EUR\", \"url\" : \"https://shop.plantura.garden/products/rote-zwerg-berberitze-atropurpurea-nana?variant=44373856059658\",\"isSet\":false}], \"handle\" : \"rote-zwerg-berberitze-atropurpurea-nana\"}, { \"name\": \"Roter F\u00e4cher-Ahorn \\u0026#39;Atropurpureum\\u0026#39;\", \"unitPrice\" : \"\", \"compareAtPriceString\": \"\", \"priceString\": \"36,99 \u20ac\", \"compareAtPrice\": 0.0, \"price\": 36.99, \"sale\":false, \"percentage\":\"\", \"badge\": \"angebot\", \"url\": \"https://shop.plantura.garden/products/roter-faecher-ahorn-atropurpureum\", \"available\": true, \"availabilityInfo\":\"\", \"campaignInfo\":\"pflanzen-draussen\",\"isSet\": false, \"priceLabel\": \"\", \"compareAtPriceLabel\": \"\",\"reviewsData\":{\"reviewCount\": 8, \"reviewAverageValue\": 4.9},\"image\": \"https://shop.plantura.garden/cdn/shop/files/faecher-ahorn-atropurpureum-kaufen_1230x.png?v=1692795782\",\"tags\": \"acer,acer palmatum,ahorn,asia,deciduous shrubs,foliage,f\u00e4cherahorn,jeddeloh,live plants,maple,outdoor,pflanzen,pot-discount\",\"bulletPoints\": [\"Dunkelrotes Laub mit wundersch\u00f6ner, leuchtend roter Herbstf\u00e4rbung\\n\",\"Exotischer Blickfang mit malerischem Wuchs \\u0026 elegant \u00fcberh\u00e4ngenden Zweigen\",\"Pflegeleicht \\u0026 anspruchslos \u2013 auch im Topf f\u00fcr Dachg\u00e4rten, Terrassen oder Innenh\u00f6fe\\n\"],\"variants\" : [ {\"sku\": \"OP-ACPA-0251\",\"available\": true, \"compareAtPriceString\": \"\", \"priceString\": \"36,99 \u20ac\", \"compareAtPrice\": 0.0, \"price\": 36.99, \"sale\":false, \"percentage\":\"\", \"priceCurrency\" : \"EUR\", \"url\" : \"https://shop.plantura.garden/products/roter-faecher-ahorn-atropurpureum?variant=44373840920842\",\"isSet\":false}, {\"sku\": \"OP-ACPA-0250\",\"available\": false, \"compareAtPriceString\": \"\", \"priceString\": \"69,99 \u20ac\", \"compareAtPrice\": 0.0, \"price\": 69.99, \"sale\":false, \"percentage\":\"\", \"priceCurrency\" : \"EUR\", \"url\" : \"https://shop.plantura.garden/products/roter-faecher-ahorn-atropurpureum?variant=44373840953610\",\"isSet\":false}], \"handle\" : \"roter-faecher-ahorn-atropurpureum\"}, { \"name\": \"Roter F\u00e4cher-Ahorn \\u0026#39;Bloodgood\\u0026#39;\", \"unitPrice\" : \"\", \"compareAtPriceString\": \"\", \"priceString\": \"79,99 \u20ac\", \"compareAtPrice\": 0.0, \"price\": 79.99, \"sale\":false, \"percentage\":\"\", \"badge\": \"angebot\", \"url\": \"https://shop.plantura.garden/products/roter-faecher-ahorn-bloodgood\", \"available\": true, \"availabilityInfo\":\"\", \"campaignInfo\":\"pflanzen-draussen\",\"isSet\": false, \"priceLabel\": \"\", \"compareAtPriceLabel\": \"\",\"reviewsData\":{\"reviewCount\": 0, \"reviewAverageValue\": 0.0},\"image\": \"https://shop.plantura.garden/cdn/shop/files/faecher-ahorn-bloodgood-kaufen_1427x.png?v=1692795833\",\"tags\": \"acer,acer palmatum,ahorn,asia,deciduous shrubs,foliage,f\u00e4cherahorn,jeddeloh,live plants,maple,outdoor,pflanzen,pot-discount\",\"bulletPoints\": [\"Japanischer F\u00e4cher-Ahorn mit spektakul\u00e4r dunkelrotem Laub\",\"Leuchtend scharlachrote Herbstf\u00e4rbung \\u0026 bienenfreundliche Bl\u00fcten\",\"Besonders gesund \\u0026 robust \u2013 ideal f\u00fcr japanische G\u00e4rten oder den Topf\"],\"variants\" : [ {\"sku\": \"OP-ACPA-0254\",\"available\": true, \"compareAtPriceString\": \"\", \"priceString\": \"79,99 \u20ac\", \"compareAtPrice\": 0.0, \"price\": 79.99, \"sale\":false, \"percentage\":\"\", \"priceCurrency\" : \"EUR\", \"url\" : \"https://shop.plantura.garden/products/roter-faecher-ahorn-bloodgood?variant=44373850980618\",\"isSet\":false}], \"handle\" : \"roter-faecher-ahorn-bloodgood\"}, { \"name\": \"Roter Per\u00fcckenstrauch \\u0026#39;Royal Purple\\u0026#39;\u00ae\", \"unitPrice\" : \"\", \"compareAtPriceString\": \"\", \"priceString\": \"26,99 \u20ac\", \"compareAtPrice\": 0.0, \"price\": 26.99, \"sale\":false, \"percentage\":\"\", \"badge\": \"angebot\", \"url\": \"https://shop.plantura.garden/products/roter-perueckenstrauch-royal-purple\", \"available\": true, \"availabilityInfo\":\"\", \"campaignInfo\":\"pflanzen-draussen\",\"isSet\": false, \"priceLabel\": \"\", \"compareAtPriceLabel\": \"\",\"reviewsData\":{\"reviewCount\": 3, \"reviewAverageValue\": 4.7},\"image\": \"https://shop.plantura.garden/cdn/shop/files/roter-perueckenstrauch-royal-purple-kaufen_1378x.png?v=1692796566\",\"tags\": \"coggygria,cotinus coggygria,deciduous shrubs,drought tolerant,flowering shrubs,foliage,jeddeloh,live plants,outdoor,per\u00fcckenbaum,per\u00fcckenstrauch,pflanzen,pot-discount,smoke tree\",\"bulletPoints\": [\"Wundersch\u00f6nes, tiefrotes Laub mit orangefarbener Herbstf\u00e4rbung\",\"Gelbe Bl\u00fcten, die ab August zu silbrig roten Fr\u00fcchten reifen\",\"Extrem trockenheits- \\u0026 hitzeresistentes Vogeln\u00e4hrgeh\u00f6lz\"],\"variants\" : [ {\"sku\": \"OP-COCO-0234\",\"available\": true, \"compareAtPriceString\": \"\", \"priceString\": \"26,99 \u20ac\", \"compareAtPrice\": 0.0, \"price\": 26.99, \"sale\":false, \"percentage\":\"\", \"priceCurrency\" : \"EUR\", \"url\" : \"https://shop.plantura.garden/products/roter-perueckenstrauch-royal-purple?variant=44327844020490\",\"isSet\":false}, {\"sku\": \"OP-COCO-0362\",\"available\": true, \"compareAtPriceString\": \"\", \"priceString\": \"54,99 \u20ac\", \"compareAtPrice\": 0.0, \"price\": 54.99, \"sale\":false, \"percentage\":\"\", \"priceCurrency\" : \"EUR\", \"url\" : \"https://shop.plantura.garden/products/roter-perueckenstrauch-royal-purple?variant=44373973729546\",\"isSet\":false}], \"handle\" : \"roter-perueckenstrauch-royal-purple\"}, { \"name\": \"Roter Schlitzahorn \\u0026#39;Dissectum Garnet\\u0026#39;\", \"unitPrice\" : \"\", \"compareAtPriceString\": \"\", \"priceString\": \"42,99 \u20ac\", \"compareAtPrice\": 0.0, \"price\": 42.99, \"sale\":false, \"percentage\":\"\", \"badge\": \"angebot\", \"url\": \"https://shop.plantura.garden/products/roter-schlitzahorn-dissectum-garnet\", \"available\": true, \"availabilityInfo\":\"\", \"campaignInfo\":\"pflanzen-draussen\",\"isSet\": false, \"priceLabel\": \"\", \"compareAtPriceLabel\": \"\",\"reviewsData\":{\"reviewCount\": 7, \"reviewAverageValue\": 5.0},\"image\": \"https://shop.plantura.garden/cdn/shop/files/roter-schlitzahorn-dissectum-garnet_1526x.png?v=1692795709\",\"tags\": \"acer,acer palmatum,ahorn,asia,deciduous shrubs,foliage,f\u00e4cherahorn,jeddeloh,live plants,maple,outdoor,pflanzen,pot-discount,schlitzahorn\",\"bulletPoints\": [\"Spektakul\u00e4re Herbstf\u00e4rbung von Purpur zu leuchtendem Rot\",\"Pflegeleichter, winterharter Zierstrauch \u2013 ideal f\u00fcr Beet \\u0026 Topf\",\"Steht gerne sonnig bis halbschattig auf n\u00e4hrstoffreichem Boden\"],\"variants\" : [ {\"sku\": \"OP-ACPA-0041\",\"available\": true, \"compareAtPriceString\": \"\", \"priceString\": \"42,99 \u20ac\", \"compareAtPrice\": 0.0, \"price\": 42.99, \"sale\":false, \"percentage\":\"\", \"priceCurrency\" : \"EUR\", \"url\" : \"https://shop.plantura.garden/products/roter-schlitzahorn-dissectum-garnet?variant=43654995280138\",\"isSet\":false}], \"handle\" : \"roter-schlitzahorn-dissectum-garnet\"}, { \"name\": \"Rutenhirse \u2018Northwind\u2019\", \"unitPrice\" : \"\", \"compareAtPriceString\": \"\", \"priceString\": \"25,99 \u20ac\", \"compareAtPrice\": 0.0, \"price\": 25.99, \"sale\":false, \"percentage\":\"\", \"badge\": \"angebot\", \"url\": \"https://shop.plantura.garden/products/rutenhirse-northwind\", \"available\": false, \"availabilityInfo\":\"\", \"campaignInfo\":\"pflanzen-draussen\",\"isSet\": false, \"priceLabel\": \"\", \"compareAtPriceLabel\": \"\",\"reviewsData\":{\"reviewCount\": 3, \"reviewAverageValue\": 5.0},\"image\": \"https://shop.plantura.garden/cdn/shop/files/rutenhirse-northwind_1476x.png?v=1692798221\",\"tags\": \"asia,jeddeloh,live plants,ornamental grasses,outdoor,panicum,panicum virgatum,pflanzen,pot-discount,switchgrass\",\"bulletPoints\": [\"Au\u00dfergew\u00f6hnlicher Farbwechsel im Herbst von Blaugr\u00fcn zu Gelb\",\"Ideal f\u00fcr Topf \\u0026 Beet geeignet \u2013 sehr robust \\u0026 winterhart\",\"Liebt sonnige bis halbschattige Standorte mit humosem Boden\"],\"variants\" : [ {\"sku\": \"OP-PAVI-0046\",\"available\": false, \"compareAtPriceString\": \"\", \"priceString\": \"25,99 \u20ac\", \"compareAtPrice\": 0.0, \"price\": 25.99, \"sale\":false, \"percentage\":\"\", \"priceCurrency\" : \"EUR\", \"url\" : \"https://shop.plantura.garden/products/rutenhirse-northwind?variant=43655004356874\",\"isSet\":false}], \"handle\" : \"rutenhirse-northwind\"}, { \"name\": \"Saatgut Geschenk-Set\", \"unitPrice\" : \"\", \"compareAtPriceString\": \"89,95 \u20ac\", \"priceString\": \"75,99 \u20ac\", \"compareAtPrice\": 89.95, \"price\": 75.99, \"sale\":false, \"percentage\":\"16%\", \"badge\": \"angebot\", \"url\": \"https://shop.plantura.garden/products/saatgut-geschenk-set\", \"available\": true, \"availabilityInfo\":\"\", \"campaignInfo\":\"sparset-mix\",\"isSet\": true, \"priceLabel\": \"Im Set\", \"compareAtPriceLabel\": \"Einzeln\",\"reviewsData\":{\"reviewCount\": 839, \"reviewAverageValue\": 4.7},\"image\": \"https://shop.plantura.garden/cdn/shop/files/saatgut-geschenk-set-kaufen_1476x.png?v=1695369698\",\"tags\": \"angebot,aov bundle,aussaat,aussaatkalender,bundle,calendars,gartenkalender,geschenk,geschenkidee,kalender,pflanzkalender,saatgut,samen,set,wandkalender\",\"bulletPoints\": [\"5-teiliges Geschenk-Set mit unseren beliebten Saatgut-Produkten\",\"Einpflanzbarer Kalender A4 \\u0026 A5, Kr\u00e4uter Samen-Set, Tomaten Samen-Set \\u0026 Bienenweide\",\"Nachhaltiges Geschenk f\u00fcr Einsteiger, Profis \\u0026 echte Naturfreunde\"],\"variants\" : [ {\"sku\": \"BD-SAGE-0009\",\"available\": true, \"compareAtPriceString\": \"89,95 \u20ac\", \"priceString\": \"75,99 \u20ac\", \"compareAtPrice\": 89.95, \"price\": 75.99, \"sale\":true, \"percentage\":\"16%\", \"priceCurrency\" : \"EUR\", \"url\" : \"https://shop.plantura.garden/products/saatgut-geschenk-set?variant=44723676479754\",\"isSet\":true }], \"handle\" : \"saatgut-geschenk-set\"}, { \"name\": \"S\u00e4ckelblume \\u0026#39;Gloire de Versailles\\u0026#39; Taubenblau\", \"unitPrice\" : \"\", \"compareAtPriceString\": \"\", \"priceString\": \"22,99 \u20ac\", \"compareAtPrice\": 0.0, \"price\": 22.99, \"sale\":false, \"percentage\":\"\", \"badge\": \"angebot\", \"url\": \"https://shop.plantura.garden/products/saeckelblume-gloire-de-versailles-taubenblau\", \"available\": false, \"availabilityInfo\":\"\", \"campaignInfo\":\"pflanzen-draussen\",\"isSet\": false, \"priceLabel\": \"\", \"compareAtPriceLabel\": \"\",\"reviewsData\":{\"reviewCount\": 1, \"reviewAverageValue\": 5.0},\"image\": \"https://shop.plantura.garden/cdn/shop/files/saeckelblume-gloire-de-versailles-kaufen_1476x.png?v=1692796345\",\"tags\": \"beefriendly,blaue s\u00e4ckelblume,ceanothus,ceanothus delilianus,drought tolerant,flowering shrubs,jeddeloh,live plants,outdoor,pflanzen,pot-discount\",\"bulletPoints\": [\"Bienenweide: Violett-blaue Bl\u00fctenpracht von Juli bis Oktober\\n\",\"Wundersch\u00f6ner \\u0026 kompakter Strauch f\u00fcr Beet \\u0026 Topf\\n\",\"Trockenheitsresistent \\u0026 hitzevertr\u00e4glich\\n\"],\"variants\" : [ {\"sku\": \"OP-CEDE-0451\",\"available\": false, \"compareAtPriceString\": \"\", \"priceString\": \"22,99 \u20ac\", \"compareAtPrice\": 0.0, \"price\": 22.99, \"sale\":false, \"percentage\":\"\", \"priceCurrency\" : \"EUR\", \"url\" : \"https://shop.plantura.garden/products/saeckelblume-gloire-de-versailles-taubenblau?variant=44601856622858\",\"isSet\":false}], \"handle\" : \"saeckelblume-gloire-de-versailles-taubenblau\"}, { \"name\": \"S\u00e4ckelblume \u02c8Victoria\u02c8 Blau\", \"unitPrice\" : \"\", \"compareAtPriceString\": \"\", \"priceString\": \"22,99 \u20ac\", \"compareAtPrice\": 0.0, \"price\": 22.99, \"sale\":false, \"percentage\":\"\", \"badge\": \"angebot\", \"url\": \"https://shop.plantura.garden/products/saeckelblume-victoria-blau\", \"available\": false, \"availabilityInfo\":\"\", \"campaignInfo\":\"pflanzen-draussen\",\"isSet\": false, \"priceLabel\": \"\", \"compareAtPriceLabel\": \"\",\"reviewsData\":{\"reviewCount\": 4, \"reviewAverageValue\": 5.0},\"image\": \"https://shop.plantura.garden/cdn/shop/files/plantura-saeckelblume-victoria_1230x.png?v=1692796361\",\"tags\": \"beefriendly,ceanothus,ceanothus impressus,drought tolerant,flowering shrubs,jeddeloh,live plants,outdoor,pflanzen,pot-discount\",\"bulletPoints\": [\"Tiefblaue, bienenfreundliche Bl\u00fctenrispen von Juli bis in den Oktober\",\"Attraktiver \\u0026 kompakter Strauch im Kleinformat\",\"Steht gerne sonnig auf durchl\u00e4ssigem Boden\"],\"variants\" : [ {\"sku\": \"OP-CEIM-0030\",\"available\": false, \"compareAtPriceString\": \"\", \"priceString\": \"22,99 \u20ac\", \"compareAtPrice\": 0.0, \"price\": 22.99, \"sale\":false, \"percentage\":\"\", \"priceCurrency\" : \"EUR\", \"url\" : \"https://shop.plantura.garden/products/saeckelblume-victoria-blau?variant=43655002882314\",\"isSet\":false}], \"handle\" : \"saeckelblume-victoria-blau\"}, { \"name\": \"S\u00e4geblattkaktus\", \"unitPrice\" : \"\", \"compareAtPriceString\": \"\", \"priceString\": \"29,99 \u20ac\", \"compareAtPrice\": 0.0, \"price\": 29.99, \"sale\":false, \"percentage\":\"\", \"badge\": \"angebot\", \"url\": \"https://shop.plantura.garden/products/saegeblattkaktus-epiphyllum-anguliger\", \"available\": true, \"availabilityInfo\":\"\", \"campaignInfo\":\"zimmerpflanzen\",\"isSet\": false, \"priceLabel\": \"\", \"compareAtPriceLabel\": \"\",\"reviewsData\":{\"reviewCount\": 2, \"reviewAverageValue\": 5.0},\"image\": \"https://shop.plantura.garden/cdn/shop/files/plantura-saegeblattkaktus-kaufen_1476x.png?v=1693465672\",\"tags\": \"eflora,fischgr\u00e4tenkaktus,h\u00e4ngend,indoor,kaktus,katzenfreundlich,limited-quantity,live plants,pflanzen,pflegeleicht,pot-discount,special leaf,succulents,sukkulente,s\u00e4gekaktus\",\"bulletPoints\": [\"Dornenloser Kaktus mit zickzackf\u00f6rmigen Blattr\u00e4ndern\",\"Dekorative H\u00e4ngepflanze \u2013 haustierfreundlich \\u0026 ungiftig\",\"Pflegeleichter Mitbewohner: Sehr gut f\u00fcr Einsteiger\"],\"variants\" : [ {\"sku\": \"IP-EPAN-0027\",\"available\": true, \"compareAtPriceString\": \"\", \"priceString\": \"29,99 \u20ac\", \"compareAtPrice\": 0.0, \"price\": 29.99, \"sale\":false, \"percentage\":\"\", \"priceCurrency\" : \"EUR\", \"url\" : \"https://shop.plantura.garden/products/saegeblattkaktus-epiphyllum-anguliger?variant=44678631850250\",\"isSet\":false}], \"handle\" : \"saegeblattkaktus-epiphyllum-anguliger\"}, { \"name\": \"Saisonkalender f\u00fcr Obst \\u0026amp; Gem\u00fcse\", \"unitPrice\" : \"\", \"compareAtPriceString\": \"\", \"priceString\": \"14,99 \u20ac\", \"compareAtPrice\": 0.0, \"price\": 14.99, \"sale\":false, \"percentage\":\"\", \"badge\": \"angebot\", \"url\": \"https://shop.plantura.garden/products/saisonkalender\", \"available\": true, \"availabilityInfo\":\"\", \"campaignInfo\":\"geschenke\",\"isSet\": false, \"priceLabel\": \"\", \"compareAtPriceLabel\": \"\",\"reviewsData\":{\"reviewCount\": 29, \"reviewAverageValue\": 4.6},\"image\": \"https://shop.plantura.garden/cdn/shop/files/saisonkalender-obst-gemuese_1476x.png?v=1691652368\",\"tags\": \"calendars,category_geschenkideen,gem\u00fcsekalender,geschenk,geschenkidee,Geschenkideen,kalender,Kalender & B\u00fccher,obst und gem\u00fcse saisonkalender,saisonal regional kalender,saisongem\u00fcse,saisonkalender obst,saisonkalender obst und gem\u00fcse,wandkalender\",\"bulletPoints\": [\"Dekorativer Saisonkalender zur monatlichen \u00dcbersicht f\u00fcr regionales Obst und Gem\u00fcse, ideale Einkaufshilfe\",\"Immerw\u00e4hrender Kalender zum Aufh\u00e4ngen im DIN A4-Format mit wundersch\u00f6nen, handgemalten Illustrationen\",\"Inklusive kostenlosem E-Learning Kurs mit wertvollen Tipps f\u00fcr mehr Nachhaltigkeit im Alltag\"],\"variants\" : [ {\"sku\": \"SK-PSK1-00A4\",\"available\": true, \"compareAtPriceString\": \"\", \"priceString\": \"14,99 \u20ac\", \"compareAtPrice\": 0.0, \"price\": 14.99, \"sale\":false, \"percentage\":\"\", \"priceCurrency\" : \"EUR\", \"url\" : \"https://shop.plantura.garden/products/saisonkalender?variant=39733622308952\",\"isSet\":false}], \"handle\" : \"saisonkalender\"}, { \"name\": \"Samt-Hortensie \\u0026#39;Macrophylla\\u0026#39; Violett-Wei\u00df\", \"unitPrice\" : \"\", \"compareAtPriceString\": \"\", \"priceString\": \"36,99 \u20ac\", \"compareAtPrice\": 0.0, \"price\": 36.99, \"sale\":false, \"percentage\":\"\", \"badge\": \"angebot\", \"url\": \"https://shop.plantura.garden/products/samt-hortensie-macrophylla-violett-weiss\", \"available\": false, \"availabilityInfo\":\"\", \"campaignInfo\":\"pflanzen-draussen\",\"isSet\": false, \"priceLabel\": \"\", \"compareAtPriceLabel\": \"\",\"reviewsData\":{\"reviewCount\": 1, \"reviewAverageValue\": 5.0},\"image\": \"https://shop.plantura.garden/cdn/shop/files/samt-hortensie-macrophylla-kaufen_1181x.png?v=1692796869\",\"tags\": \"beefriendly,deciduous shrubs,fellhortensie,flowering shrubs,hydrangea,jeddeloh,live plants,outdoor,pflanzen,pot-discount,raue hortensie,samthortensie\",\"bulletPoints\": [\"Gro\u00dfe, zweifarbige Bl\u00fctenrispen in Violett \\u0026 Wei\u00df bis Gr\u00fcnlich\",\"Samtig-weiche, lanzettliche Bl\u00e4tter mit bis zu 35 cm L\u00e4nge\",\"Bienenfreundlich, pflegeleicht \\u0026 perfekt f\u00fcr schattige Standorte\\n\"],\"variants\" : [ {\"sku\": \"OP-HYAS-0277\",\"available\": false, \"compareAtPriceString\": \"\", \"priceString\": \"36,99 \u20ac\", \"compareAtPrice\": 0.0, \"price\": 36.99, \"sale\":false, \"percentage\":\"\", \"priceCurrency\" : \"EUR\", \"url\" : \"https://shop.plantura.garden/products/samt-hortensie-macrophylla-violett-weiss?variant=44373891776778\",\"isSet\":false}], \"handle\" : \"samt-hortensie-macrophylla-violett-weiss\"}, { \"name\": \"S\u00e4ulen-Felsenbirne \\u0026#39;Obelisk\\u0026#39;\u00ae\", \"unitPrice\" : \"\", \"compareAtPriceString\": \"\", \"priceString\": \"32,99 \u20ac\", \"compareAtPrice\": 0.0, \"price\": 32.99, \"sale\":false, \"percentage\":\"\", \"badge\": \"angebot\", \"url\": \"https://shop.plantura.garden/products/saeulen-felsenbirne-obelisk\", \"available\": false, \"availabilityInfo\":\"\", \"campaignInfo\":\"pflanzen-draussen\",\"isSet\": false, \"priceLabel\": \"\", \"compareAtPriceLabel\": \"\",\"reviewsData\":{\"reviewCount\": 6, \"reviewAverageValue\": 4.8},\"image\": \"https://shop.plantura.garden/cdn/shop/files/saeulen-felsenbirne-obelisk-kaufen_1476x.png?v=1692795898\",\"tags\": \"amelanchier,amelanchier alnifolia,beefriendly,birdfriendly,deciduous shrubs,felsenbirne,flowering shrubs,foliage,jeddeloh,live plants,outdoor,pflanzen,pot-discount,spring bloomer\",\"bulletPoints\": [\"Ganzj\u00e4hrig dekorativ: Wei\u00dfe Bl\u00fcten, schmackhafte Fr\u00fcchte \\u0026 bunte Laubf\u00e4rbung im Herbst\",\"Bienen- \\u0026 vogelfreundliches Wildobst mit langer Erntezeit\",\"Schlanker, s\u00e4ulenf\u00f6rmiger Wuchs \u2013 f\u00fcr das Beet oder den Topf\"],\"variants\" : [ {\"sku\": \"OP-AMAL-0126\",\"available\": false, \"compareAtPriceString\": \"\", \"priceString\": \"32,99 \u20ac\", \"compareAtPrice\": 0.0, \"price\": 32.99, \"sale\":false, \"percentage\":\"\", \"priceCurrency\" : \"EUR\", \"url\" : \"https://shop.plantura.garden/products/saeulen-felsenbirne-obelisk?variant=44327835173130\",\"isSet\":false}], \"handle\" : \"saeulen-felsenbirne-obelisk\"}, { \"name\": \"SC-Nematoden gegen Maulwurfsgrillen, Wiesenschnaken \\u0026amp; Erdraupen\", \"unitPrice\" : \"\", \"compareAtPriceString\": \"18,99 \u20ac\", \"priceString\": \"13,29 \u20ac\", \"compareAtPrice\": 18.99, \"price\": 13.29, \"sale\":false, \"percentage\":\"30%\", \"badge\": \"angebot\", \"url\": \"https://shop.plantura.garden/products/sc-nematoden\", \"available\": true, \"availabilityInfo\":\"\", \"campaignInfo\":\"nuetzlinge\",\"isSet\": false, \"priceLabel\": \"\", \"compareAtPriceLabel\": \"\",\"reviewsData\":{\"reviewCount\": 102, \"reviewAverageValue\": 4.4},\"image\": \"https://shop.plantura.garden/cdn/shop/files/sc-nematoden-gegen-maulwurfsgrillen_1476x.png?v=1691054073\",\"tags\": \"angebot,category_n\u00fctzlinge-&-pflanzenschutz,Engerlinge & Erdraupen,erdraupe,fadenw\u00fcrmer,gem\u00fcse,maulwurfsgrille,nemathoden,nematodes,n\u00fctzling,rasen,wiesenschnake\",\"bulletPoints\": [\"Zuverl\u00e4ssig \\u0026 nat\u00fcrlich gegen Maulwurfsgrillen, Wiesenschnaken \\u0026 Erdraupen\",\"Chemiefreie Bek\u00e4mpfung: Schonend f\u00fcr Pflanzen \\u0026 Boden\",\"Hergestellt in Deutschland - mit ausf\u00fchrlicher Anleitung zum Anwenden\"],\"variants\" : [ {\"sku\": \"SC-9U5N-A834\",\"available\": true, \"compareAtPriceString\": \"18,99 \u20ac\", \"priceString\": \"13,29 \u20ac\", \"compareAtPrice\": 18.99, \"price\": 13.29, \"sale\":true, \"percentage\":\"30%\", \"priceCurrency\" : \"EUR\", \"url\" : \"https://shop.plantura.garden/products/sc-nematoden?variant=39283038158936\",\"isSet\":false}, {\"sku\": \"SC-9U5N-Z643\",\"available\": true, \"compareAtPriceString\": \"24,99 \u20ac\", \"priceString\": \"17,49 \u20ac\", \"compareAtPrice\": 24.99, \"price\": 17.49, \"sale\":true, \"percentage\":\"30%\", \"priceCurrency\" : \"EUR\", \"url\" : \"https://shop.plantura.garden/products/sc-nematoden?variant=39283038191704\",\"isSet\":false}, {\"sku\": \"SC-9U5N-T734\",\"available\": true, \"compareAtPriceString\": \"34,99 \u20ac\", \"priceString\": \"24,49 \u20ac\", \"compareAtPrice\": 34.99, \"price\": 24.49, \"sale\":true, \"percentage\":\"30%\", \"priceCurrency\" : \"EUR\", \"url\" : \"https://shop.plantura.garden/products/sc-nematoden?variant=39283038224472\",\"isSet\":false}, {\"sku\": \"SC-9U5N-T735\",\"available\": true, \"compareAtPriceString\": \"59,99 \u20ac\", \"priceString\": \"41,99 \u20ac\", \"compareAtPrice\": 59.99, \"price\": 41.99, \"sale\":true, \"percentage\":\"30%\", \"priceCurrency\" : \"EUR\", \"url\" : \"https://shop.plantura.garden/products/sc-nematoden?variant=44730199015690\",\"isSet\":false}, {\"sku\": \"SC-9U5N-T736\",\"available\": true, \"compareAtPriceString\": \"99,99 \u20ac\", \"priceString\": \"69,99 \u20ac\", \"compareAtPrice\": 99.99, \"price\": 69.99, \"sale\":true, \"percentage\":\"30%\", \"priceCurrency\" : \"EUR\", \"url\" : \"https://shop.plantura.garden/products/sc-nematoden?variant=44730202521866\",\"isSet\":false}], \"handle\" : \"sc-nematoden\"}, { \"name\": \"Sch\u00e4dlingsfrei Neem 75 ml\", \"unitPrice\" : \"Grundpreis: 239,87 \u20ac/l\", \"compareAtPriceString\": \"\", \"priceString\": \"17,99 \u20ac\", \"compareAtPrice\": 0.0, \"price\": 17.99, \"sale\":false, \"percentage\":\"\", \"badge\": \"angebot\", \"url\": \"https://shop.plantura.garden/products/schaedlingsfrei-neem-75-ml\", \"available\": true, \"availabilityInfo\":\"\", \"campaignInfo\":\"pflanzenschutz\",\"isSet\": false, \"priceLabel\": \"\", \"compareAtPriceLabel\": \"\",\"reviewsData\":{\"reviewCount\": 435, \"reviewAverageValue\": 4.7},\"image\": \"https://shop.plantura.garden/cdn/shop/files/bio-schaedlingsfrei-mittel-gegen-blattlaeuse-plantura_1476x.png?v=1691135749\",\"tags\": \"Blattl\u00e4use,Buchsbaumz\u00fcnsler,category_n\u00fctzlinge-&-pflanzenschutz,fight aphids,kartoffelk\u00e4fer,l\u00e4use,minierfliege,neem \u00f6l,neem\u00f6l,niem,niem\u00f6l,pesticides,sch\u00e4dlingsbek\u00e4mpfung,thripse,tripse,wei\u00dfe fliege,Wei\u00dfe Fliegen,woll\u00e4use,zikade\",\"bulletPoints\": [\"Hochwirksames Mittel gegen Blattl\u00e4use, Wei\u00dfe Fliegen, Thripse \\u0026 Co.\",\"Nat\u00fcrlicher Wirkstoff, gewonnen aus den Samen des Neembaums\",\"Nicht bienengef\u00e4hrlich (B4) sowie n\u00fctzlingsschonend\"],\"variants\" : [ {\"sku\": \"FH-E4HF-1XIT\",\"available\": true, \"compareAtPriceString\": \"\", \"priceString\": \"17,99 \u20ac\", \"compareAtPrice\": 0.0, \"price\": 17.99, \"sale\":false, \"percentage\":\"\", \"priceCurrency\" : \"EUR\", \"url\" : \"https://shop.plantura.garden/products/schaedlingsfrei-neem-75-ml?variant=33327623012440\",\"isSet\":false}, {\"sku\": \"6E-MRUJ-9K11\",\"available\": true, \"compareAtPriceString\": \"35,98 \u20ac\", \"priceString\": \"34,99 \u20ac\", \"compareAtPrice\": 35.98, \"price\": 34.99, \"sale\":true, \"percentage\":\"3%\", \"priceCurrency\" : \"EUR\", \"url\" : \"https://shop.plantura.garden/products/schaedlingsfrei-neem-75-ml?variant=33327623045208\",\"isSet\":true }, {\"sku\": \"RA-W5EW-QN7M\",\"available\": true, \"compareAtPriceString\": \"71,96 \u20ac\", \"priceString\": \"66,99 \u20ac\", \"compareAtPrice\": 71.96, \"price\": 66.99, \"sale\":true, \"percentage\":\"7%\", \"priceCurrency\" : \"EUR\", \"url\" : \"https://shop.plantura.garden/products/schaedlingsfrei-neem-75-ml?variant=33327623077976\",\"isSet\":true }, {\"sku\": \"XJ-3DAU-4V3L\",\"available\": true, \"compareAtPriceString\": \"179,90 \u20ac\", \"priceString\": \"161,99 \u20ac\", \"compareAtPrice\": 179.9, \"price\": 161.99, \"sale\":true, \"percentage\":\"10%\", \"priceCurrency\" : \"EUR\", \"url\" : \"https://shop.plantura.garden/products/schaedlingsfrei-neem-75-ml?variant=33327623110744\",\"isSet\":true }], \"handle\" : \"schaedlingsfrei-neem-75-ml\"}, { \"name\": \"Schamblume\", \"unitPrice\" : \"\", \"compareAtPriceString\": \"\", \"priceString\": \"27,99 \u20ac\", \"compareAtPrice\": 0.0, \"price\": 27.99, \"sale\":false, \"percentage\":\"\", \"badge\": \"angebot\", \"url\": \"https://shop.plantura.garden/products/schamblume-aeschynanthus-japhrolepis\", \"available\": true, \"availabilityInfo\":\"\", \"campaignInfo\":\"zimmerpflanzen\",\"isSet\": false, \"priceLabel\": \"\", \"compareAtPriceLabel\": \"\",\"reviewsData\":{\"reviewCount\": 2, \"reviewAverageValue\": 3.0},\"image\": \"https://shop.plantura.garden/cdn/shop/files/plantura-schamblume-kaufen_1476x.png?v=1693465253\",\"tags\": \"aeschynanthus,eflora,h\u00e4ngend,indoor,katzenfreundlich,limited-quantity,lippenstiftblume,lippenstiftpflanze,live plants,luftreinigend,pflanzen,pflegeleicht,pot-discount\",\"bulletPoints\": [\"Au\u00dfergew\u00f6hnliche H\u00e4ngepflanze mit feurig roten Bl\u00fcten\",\"Robust \\u0026 unkompliziert \u2013 ideal f\u00fcr Einsteiger\",\"Haustierfreundlich \\u0026 ungiftig\"],\"variants\" : [ {\"sku\": \"IP-AEJA-0026\",\"available\": true, \"compareAtPriceString\": \"\", \"priceString\": \"27,99 \u20ac\", \"compareAtPrice\": 0.0, \"price\": 27.99, \"sale\":false, \"percentage\":\"\", \"priceCurrency\" : \"EUR\", \"url\" : \"https://shop.plantura.garden/products/schamblume-aeschynanthus-japhrolepis?variant=44678623232266\",\"isSet\":false}], \"handle\" : \"schamblume-aeschynanthus-japhrolepis\"}, { \"name\": \"Schattenrasen 2 kg\", \"unitPrice\" : \"Grundpreis: 18,50 \u20ac/kg\", \"compareAtPriceString\": \"\", \"priceString\": \"36,99 \u20ac\", \"compareAtPrice\": 0.0, \"price\": 36.99, \"sale\":false, \"percentage\":\"\", \"badge\": \"angebot\", \"url\": \"https://shop.plantura.garden/products/schattenrasen-2-kg\", \"available\": true, \"availabilityInfo\":\"\", \"campaignInfo\":\"rasen\",\"isSet\": false, \"priceLabel\": \"\", \"compareAtPriceLabel\": \"\",\"reviewsData\":{\"reviewCount\": 16, \"reviewAverageValue\": 4.8},\"image\": \"https://shop.plantura.garden/cdn/shop/files/schattenrasen-plantura_1476x.png?v=1691651293\",\"tags\": \"aussaat,boden,category_saatgut,grassamen,green-week-22,grow lawn,gr\u00e4ser,lawn seeds,Neuanlage,Rasen,rasenrelevant,rasensaat,rasensamen,rsm,saatgut,samen,streuwagen,wiese\",\"bulletPoints\": [\"Keimstarke und schattenresistente Rasensamen f\u00fcr einen satt-gr\u00fcnen \\u0026 vitalen Rasen\",\"Ideal f\u00fcr schattige \\u0026 halbschattige Lagen mit kr\u00e4ftigen Gr\u00e4sern statt Moos \\u0026 Unkraut\",\"Hochwertige Premium-Mischung aus RSM \\/ gepr\u00fcften Rasensorten\"],\"variants\" : [ {\"sku\": \"KI-PFGD-KDWT\",\"available\": true, \"compareAtPriceString\": \"\", \"priceString\": \"36,99 \u20ac\", \"compareAtPrice\": 0.0, \"price\": 36.99, \"sale\":false, \"percentage\":\"\", \"priceCurrency\" : \"EUR\", \"url\" : \"https://shop.plantura.garden/products/schattenrasen-2-kg?variant=33327444951128\",\"isSet\":false}, {\"sku\": \"SC-58ZH-RQN2\",\"available\": true, \"compareAtPriceString\": \"73,98 \u20ac\", \"priceString\": \"69,99 \u20ac\", \"compareAtPrice\": 73.98, \"price\": 69.99, \"sale\":true, \"percentage\":\"5%\", \"priceCurrency\" : \"EUR\", \"url\" : \"https://shop.plantura.garden/products/schattenrasen-2-kg?variant=33327444983896\",\"isSet\":true }, {\"sku\": \"SQ-XVTD-RYJA\",\"available\": true, \"compareAtPriceString\": \"184,95 \u20ac\", \"priceString\": \"169,99 \u20ac\", \"compareAtPrice\": 184.95, \"price\": 169.99, \"sale\":true, \"percentage\":\"8%\", \"priceCurrency\" : \"EUR\", \"url\" : \"https://shop.plantura.garden/products/schattenrasen-2-kg?variant=33327445049432\",\"isSet\":true }], \"handle\" : \"schattenrasen-2-kg\"}, { \"name\": \"Schefflera \\u0026#39;Amate\\u0026#39; XXL-Gr\u00f6\u00dfe\", \"unitPrice\" : \"\", \"compareAtPriceString\": \"\", \"priceString\": \"59,99 \u20ac\", \"compareAtPrice\": 0.0, \"price\": 59.99, \"sale\":false, \"percentage\":\"\", \"badge\": \"new\", \"url\": \"https://shop.plantura.garden/products/schefflera-arboricola-amate-xxl-groesse\", \"available\": true, \"availabilityInfo\":\"\", \"campaignInfo\":\"zimmerpflanzen\",\"isSet\": false, \"priceLabel\": \"\", \"compareAtPriceLabel\": \"\",\"reviewsData\":{\"reviewCount\": 0, \"reviewAverageValue\": 0.0},\"image\": \"https://shop.plantura.garden/cdn/shop/files/plantura-schefflera-amate-xxl-groesse-kaufen_1476x.png?v=1693466176\",\"tags\": \"eflora,gro\u00dfe zimmerpflanze,gr\u00fcnpflanzen,indoor,live plants,luftreinigend,new,pflanzen,pflegeleicht,pot-discount,strahlenaralie,xxl zimmerpflanze\",\"bulletPoints\": [\"Gro\u00dfe Schefflera im XXL-Format: Eindrucksvolle Mitbewohnerin\",\"Ideal f\u00fcr Einsteiger \u2013 gl\u00e4nzend-gr\u00fcne Bl\u00e4tter in Handform\",\"Luftreinigende Zimmerpflanze f\u00fcr jeden Raum\"],\"variants\" : [ {\"sku\": \"IP-SCAR-0081\",\"available\": true, \"compareAtPriceString\": \"\", \"priceString\": \"59,99 \u20ac\", \"compareAtPrice\": 0.0, \"price\": 59.99, \"sale\":false, \"percentage\":\"\", \"priceCurrency\" : \"EUR\", \"url\" : \"https://shop.plantura.garden/products/schefflera-arboricola-amate-xxl-groesse?variant=44678638698762\",\"isSet\":false}], \"handle\" : \"schefflera-arboricola-amate-xxl-groesse\"}, { \"name\": \"Scheinhasel Hellgelb\", \"unitPrice\" : \"\", \"compareAtPriceString\": \"\", \"priceString\": \"34,99 \u20ac\", \"compareAtPrice\": 0.0, \"price\": 34.99, \"sale\":false, \"percentage\":\"\", \"badge\": \"new\", \"url\": \"https://shop.plantura.garden/products/scheinhasel-hellgelb\", \"available\": true, \"availabilityInfo\":\"\", \"campaignInfo\":\"pflanzen-draussen\",\"isSet\": false, \"priceLabel\": \"\", \"compareAtPriceLabel\": \"\",\"reviewsData\":{\"reviewCount\": 1, \"reviewAverageValue\": 5.0},\"image\": \"https://shop.plantura.garden/cdn/shop/files/scheinhasel-kaufen_1378x.png?v=1692796589\",\"tags\": \"armbl\u00fctige scheinhasel,beefriendly,corylopsis,corylopsis pauciflora,deciduous shrubs,flowering shrubs,glockenhasel,jeddeloh,live plants,niedrige scheinhasel,outdoor,pflanzen,pot-discount,spring bloomer,winter hazel\",\"bulletPoints\": [\"Echter Fr\u00fchbl\u00fcher: Duftende, bienenfreundliche Bl\u00fcten ab M\u00e4rz\",\"Kompakter, zierlicher Wuchs: Ideal f\u00fcr Topf \\u0026 Beet\",\"Perfekt f\u00fcr sonnige bis halbschattige Standorte\"],\"variants\" : [ {\"sku\": \"OP-COPA-0135\",\"available\": true, \"compareAtPriceString\": \"\", \"priceString\": \"34,99 \u20ac\", \"compareAtPrice\": 0.0, \"price\": 34.99, \"sale\":false, \"percentage\":\"\", \"priceCurrency\" : \"EUR\", \"url\" : \"https://shop.plantura.garden/products/scheinhasel-hellgelb?variant=44327846084874\",\"isSet\":false}], \"handle\" : \"scheinhasel-hellgelb\"}, { \"name\": \"Schlangen-Fetthenne\", \"unitPrice\" : \"\", \"compareAtPriceString\": \"\", \"priceString\": \"27,99 \u20ac\", \"compareAtPrice\": 0.0, \"price\": 27.99, \"sale\":false, \"percentage\":\"\", \"badge\": \"new\", \"url\": \"https://shop.plantura.garden/products/schlangen-fetthenne-sedum-morganianum\", \"available\": true, \"availabilityInfo\":\"\", \"campaignInfo\":\"zimmerpflanzen\",\"isSet\": false, \"priceLabel\": \"\", \"compareAtPriceLabel\": \"\",\"reviewsData\":{\"reviewCount\": 2, \"reviewAverageValue\": 4.0},\"image\": \"https://shop.plantura.garden/cdn/shop/files/plantura-schlangen-fetthenne-kaufen_1476x.png?v=1693466232\",\"tags\": \"affenschaukel,eflora,eselschwanz pflanze,h\u00e4ngend,indoor,kaktus,katzenfreundlich,limited-quantity,live plants,pflanzen,pflegeleicht,pot-discount,schlangen fetthenne,sedum burrito,succulents,sukkulente\",\"bulletPoints\": [\"Dekorative H\u00e4ngepflanze mit ungew\u00f6hnlichen Bl\u00e4ttern\",\"Pflegeleichte Sukkulente \u2013 auch f\u00fcr Einsteiger ideal\",\"Haustierfreundlich \\u0026 f\u00fcr jeden hellen Raum geeignet\"],\"variants\" : [ {\"sku\": \"IP-SEMA-0048\",\"available\": true, \"compareAtPriceString\": \"\", \"priceString\": \"27,99 \u20ac\", \"compareAtPrice\": 0.0, \"price\": 27.99, \"sale\":false, \"percentage\":\"\", \"priceCurrency\" : \"EUR\", \"url\" : \"https://shop.plantura.garden/products/schlangen-fetthenne-sedum-morganianum?variant=44678639157514\",\"isSet\":false}, {\"sku\": \"IP-SEMA-0049\",\"available\": true, \"compareAtPriceString\": \"\", \"priceString\": \"39,99 \u20ac\", \"compareAtPrice\": 0.0, \"price\": 39.99, \"sale\":false, \"percentage\":\"\", \"priceCurrency\" : \"EUR\", \"url\" : \"https://shop.plantura.garden/products/schlangen-fetthenne-sedum-morganianum?variant=44678639190282\",\"isSet\":false}], \"handle\" : \"schlangen-fetthenne-sedum-morganianum\"}, { \"name\": \"Schlangenhaut-Kiefer Botanico\u00ae \\u0026#39;Malinki\\u0026#39;\", \"unitPrice\" : \"\", \"compareAtPriceString\": \"\", \"priceString\": \"36,99 \u20ac\", \"compareAtPrice\": 0.0, \"price\": 36.99, \"sale\":false, \"percentage\":\"\", \"badge\": \"new\", \"url\": \"https://shop.plantura.garden/products/schlangenhaut-kiefer-botanico-malinki\", \"available\": true, \"availabilityInfo\":\"\", \"campaignInfo\":\"pflanzen-draussen\",\"isSet\": false, \"priceLabel\": \"\", \"compareAtPriceLabel\": \"\",\"reviewsData\":{\"reviewCount\": 6, \"reviewAverageValue\": 4.8},\"image\": \"https://shop.plantura.garden/cdn/shop/files/schlangenhaut-kiefer-malinki_1329x.png?v=1692798348\",\"tags\": \"asia,christbaum,conifer,jeddeloh,live plants,outdoor,pflanzen,pine,pot-discount,weihnachtsbaum\",\"bulletPoints\": [\"Dekorativer Nadelbaum mit tiefgr\u00fcnen Nadeln \\u0026 dunklen Zapfen\",\"Hitzevertr\u00e4glich mit kegelf\u00f6rmigem Wuchs \u2013 ideal f\u00fcr Topf \\u0026 Beet\",\"Lieferung einer bereits mehrere Jahre alten Pflanze in bester Qualit\u00e4t aus Topfkultur\"],\"variants\" : [ {\"sku\": \"OP-PILE-0107\",\"available\": true, \"compareAtPriceString\": \"\", \"priceString\": \"36,99 \u20ac\", \"compareAtPrice\": 0.0, \"price\": 36.99, \"sale\":false, \"percentage\":\"\", \"priceCurrency\" : \"EUR\", \"url\" : \"https://shop.plantura.garden/products/schlangenhaut-kiefer-botanico-malinki?variant=44327956939018\",\"isSet\":false}, {\"sku\": \"OP-PILE-0108\",\"available\": true, \"compareAtPriceString\": \"\", \"priceString\": \"49,99 \u20ac\", \"compareAtPrice\": 0.0, \"price\": 49.99, \"sale\":false, \"percentage\":\"\", \"priceCurrency\" : \"EUR\", \"url\" : \"https://shop.plantura.garden/products/schlangenhaut-kiefer-botanico-malinki?variant=44327956971786\",\"isSet\":false}, {\"sku\": \"OP-PILE-0109\",\"available\": false, \"compareAtPriceString\": \"\", \"priceString\": \"69,99 \u20ac\", \"compareAtPrice\": 0.0, \"price\": 69.99, \"sale\":false, \"percentage\":\"\", \"priceCurrency\" : \"EUR\", \"url\" : \"https://shop.plantura.garden/products/schlangenhaut-kiefer-botanico-malinki?variant=43813277303050\",\"isSet\":false}], \"handle\" : \"schlangenhaut-kiefer-botanico-malinki\"}, { \"name\": \"Schlupfwespen gegen Kleidermotten\", \"unitPrice\" : \"\", \"compareAtPriceString\": \"\", \"priceString\": \"39,99 \u20ac\", \"compareAtPrice\": 0.0, \"price\": 39.99, \"sale\":false, \"percentage\":\"\", \"badge\": \"new\", \"url\": \"https://shop.plantura.garden/products/schlupfwespen-gegen-kleidermotten\", \"available\": true, \"availabilityInfo\":\"\", \"campaignInfo\":\"nuetzlinge\",\"isSet\": false, \"priceLabel\": \"\", \"compareAtPriceLabel\": \"\",\"reviewsData\":{\"reviewCount\": 409, \"reviewAverageValue\": 4.6},\"image\": \"https://shop.plantura.garden/cdn/shop/files/schlupfwespen-gegen-kleidermotten-plantura_1476x.png?v=1685523486\",\"tags\": \"category_n\u00fctzlinge-&-pflanzenschutz,fight moths,insekten,karten,Kleidermotten,mottenschutz,n\u00fctzling,pelzmotte,schlupfwespen,teppichk\u00e4fer,wespen\",\"bulletPoints\": [\"Chemiefreie \\u0026 hocheffektive Bek\u00e4mpfung von Kleidermotten\",\"Heimische Schlupfwespen aus Deutschland in h\u00f6chster Qualit\u00e4t\",\"Anwendung komplett unbedenklich f\u00fcr Menschen \\u0026 Haustiere\"],\"variants\" : [ {\"sku\": \"RC-1BKF-WT4J\",\"available\": true, \"compareAtPriceString\": \"\", \"priceString\": \"39,99 \u20ac\", \"compareAtPrice\": 0.0, \"price\": 39.99, \"sale\":false, \"percentage\":\"\", \"priceCurrency\" : \"EUR\", \"url\" : \"https://shop.plantura.garden/products/schlupfwespen-gegen-kleidermotten?variant=32981665841240\",\"isSet\":false}, {\"sku\": \"7U-QOFZ-Z597\",\"available\": true, \"compareAtPriceString\": \"59,99 \u20ac\", \"priceString\": \"56,99 \u20ac\", \"compareAtPrice\": 59.99, \"price\": 56.99, \"sale\":true, \"percentage\":\"5%\", \"priceCurrency\" : \"EUR\", \"url\" : \"https://shop.plantura.garden/products/schlupfwespen-gegen-kleidermotten?variant=32981665874008\",\"isSet\":true }, {\"sku\": \"FL-PPOR-EMW8\",\"available\": true, \"compareAtPriceString\": \"79,98 \u20ac\", \"priceString\": \"69,99 \u20ac\", \"compareAtPrice\": 79.98, \"price\": 69.99, \"sale\":true, \"percentage\":\"12%\", \"priceCurrency\" : \"EUR\", \"url\" : \"https://shop.plantura.garden/products/schlupfwespen-gegen-kleidermotten?variant=32981665906776\",\"isSet\":true }, {\"sku\": \"SV-ZGMC-1E2U\",\"available\": true, \"compareAtPriceString\": \"119,97 \u20ac\", \"priceString\": \"99,99 \u20ac\", \"compareAtPrice\": 119.97, \"price\": 99.99, \"sale\":true, \"percentage\":\"17%\", \"priceCurrency\" : \"EUR\", \"url\" : \"https://shop.plantura.garden/products/schlupfwespen-gegen-kleidermotten?variant=32981665939544\",\"isSet\":true }, {\"sku\": \"L2-IF66-ETJJ\",\"available\": true, \"compareAtPriceString\": \"159,96 \u20ac\", \"priceString\": \"129,99 \u20ac\", \"compareAtPrice\": 159.96, \"price\": 129.99, \"sale\":true, \"percentage\":\"19%\", \"priceCurrency\" : \"EUR\", \"url\" : \"https://shop.plantura.garden/products/schlupfwespen-gegen-kleidermotten?variant=32981665972312\",\"isSet\":true }, {\"sku\": \"A5-ZAY4-F5N2\",\"available\": true, \"compareAtPriceString\": \"199,95 \u20ac\", \"priceString\": \"154,99 \u20ac\", \"compareAtPrice\": 199.95, \"price\": 154.99, \"sale\":true, \"percentage\":\"22%\", \"priceCurrency\" : \"EUR\", \"url\" : \"https://shop.plantura.garden/products/schlupfwespen-gegen-kleidermotten?variant=32981666005080\",\"isSet\":true }, {\"sku\": \"SW-KLMO-15KA\",\"available\": true, \"compareAtPriceString\": \"299,93 \u20ac\", \"priceString\": \"179,99 \u20ac\", \"compareAtPrice\": 299.93, \"price\": 179.99, \"sale\":true, \"percentage\":\"40%\", \"priceCurrency\" : \"EUR\", \"url\" : \"https://shop.plantura.garden/products/schlupfwespen-gegen-kleidermotten?variant=44730278052106\",\"isSet\":true }, {\"sku\": \"SW-KLMO-20KA\",\"available\": true, \"compareAtPriceString\": \"399,90 \u20ac\", \"priceString\": \"199,99 \u20ac\", \"compareAtPrice\": 399.9, \"price\": 199.99, \"sale\":true, \"percentage\":\"50%\", \"priceCurrency\" : \"EUR\", \"url\" : \"https://shop.plantura.garden/products/schlupfwespen-gegen-kleidermotten?variant=44730283262218\",\"isSet\":true }], \"handle\" : \"schlupfwespen-gegen-kleidermotten\"}, { \"name\": \"Schlupfwespen gegen Lebensmittelmotten\", \"unitPrice\" : \"\", \"compareAtPriceString\": \"\", \"priceString\": \"23,99 \u20ac\", \"compareAtPrice\": 0.0, \"price\": 23.99, \"sale\":false, \"percentage\":\"\", \"badge\": \"new\", \"url\": \"https://shop.plantura.garden/products/schlupfwespen-gegen-lebensmittelmotten\", \"available\": true, \"availabilityInfo\":\"\", \"campaignInfo\":\"nuetzlinge\",\"isSet\": false, \"priceLabel\": \"\", \"compareAtPriceLabel\": \"\",\"reviewsData\":{\"reviewCount\": 2594, \"reviewAverageValue\": 4.6},\"image\": \"https://shop.plantura.garden/cdn/shop/files/schlupfwespen-gegen-lebensmittelmotten-plantura_1476x.png?v=1685522874\",\"tags\": \"category_n\u00fctzlinge-&-pflanzenschutz,d\u00f6rrobstmotte,fight moths,insekten,kakaomotte,karten,Lebensmittelmotten,mehlmotte,mottenschutz,n\u00fctzling,schl\u00fcpfwespe,wespen\",\"bulletPoints\": [\"Hocheffektive \\u0026 chemiefreie Bek\u00e4mpfung von Lebensmittelmotten\",\"Heimische Schlupfwespen aus Deutschland in h\u00f6chster Qualit\u00e4t\",\"Anwendung komplett unbedenklich f\u00fcr Menschen \\u0026 Haustiere\"],\"variants\" : [ {\"sku\": \"42-7O93-F2C3\",\"available\": true, \"compareAtPriceString\": \"\", \"priceString\": \"23,99 \u20ac\", \"compareAtPrice\": 0.0, \"price\": 23.99, \"sale\":false, \"percentage\":\"\", \"priceCurrency\" : \"EUR\", \"url\" : \"https://shop.plantura.garden/products/schlupfwespen-gegen-lebensmittelmotten?variant=32981817163864\",\"isSet\":false}, {\"sku\": \"ER-XP49-3KRY\",\"available\": true, \"compareAtPriceString\": \"35,99 \u20ac\", \"priceString\": \"34,99 \u20ac\", \"compareAtPrice\": 35.99, \"price\": 34.99, \"sale\":true, \"percentage\":\"3%\", \"priceCurrency\" : \"EUR\", \"url\" : \"https://shop.plantura.garden/products/schlupfwespen-gegen-lebensmittelmotten?variant=32981817196632\",\"isSet\":true }, {\"sku\": \"XV-0OKB-9L8K\",\"available\": true, \"compareAtPriceString\": \"47,98 \u20ac\", \"priceString\": \"44,99 \u20ac\", \"compareAtPrice\": 47.98, \"price\": 44.99, \"sale\":true, \"percentage\":\"6%\", \"priceCurrency\" : \"EUR\", \"url\" : \"https://shop.plantura.garden/products/schlupfwespen-gegen-lebensmittelmotten?variant=32981817229400\",\"isSet\":true }, {\"sku\": \"ZF-8CM4-N4KC\",\"available\": true, \"compareAtPriceString\": \"71,97 \u20ac\", \"priceString\": \"64,99 \u20ac\", \"compareAtPrice\": 71.97, \"price\": 64.99, \"sale\":true, \"percentage\":\"10%\", \"priceCurrency\" : \"EUR\", \"url\" : \"https://shop.plantura.garden/products/schlupfwespen-gegen-lebensmittelmotten?variant=32981817262168\",\"isSet\":true }, {\"sku\": \"QA-EFTX-D5JH\",\"available\": true, \"compareAtPriceString\": \"95,96 \u20ac\", \"priceString\": \"84,99 \u20ac\", \"compareAtPrice\": 95.96, \"price\": 84.99, \"sale\":true, \"percentage\":\"11%\", \"priceCurrency\" : \"EUR\", \"url\" : \"https://shop.plantura.garden/products/schlupfwespen-gegen-lebensmittelmotten?variant=32981817294936\",\"isSet\":true }, {\"sku\": \"NF-H1W2-77AT\",\"available\": true, \"compareAtPriceString\": \"119,95 \u20ac\", \"priceString\": \"99,99 \u20ac\", \"compareAtPrice\": 119.95, \"price\": 99.99, \"sale\":true, \"percentage\":\"17%\", \"priceCurrency\" : \"EUR\", \"url\" : \"https://shop.plantura.garden/products/schlupfwespen-gegen-lebensmittelmotten?variant=32981817327704\",\"isSet\":true }, {\"sku\": \"SW-LEMO-15KA\",\"available\": true, \"compareAtPriceString\": \"179,93 \u20ac\", \"priceString\": \"139,99 \u20ac\", \"compareAtPrice\": 179.93, \"price\": 139.99, \"sale\":true, \"percentage\":\"22%\", \"priceCurrency\" : \"EUR\", \"url\" : \"https://shop.plantura.garden/products/schlupfwespen-gegen-lebensmittelmotten?variant=44730243907850\",\"isSet\":true }, {\"sku\": \"SW-LEMO-20KA\",\"available\": true, \"compareAtPriceString\": \"239,90 \u20ac\", \"priceString\": \"179,99 \u20ac\", \"compareAtPrice\": 239.9, \"price\": 179.99, \"sale\":true, \"percentage\":\"25%\", \"priceCurrency\" : \"EUR\", \"url\" : \"https://shop.plantura.garden/products/schlupfwespen-gegen-lebensmittelmotten?variant=44730245284106\",\"isSet\":true }], \"handle\" : \"schlupfwespen-gegen-lebensmittelmotten\"}, { \"name\": \"Schmetterlingsflieder \\u0026#39;Black Knight\\u0026#39; Dunkelviolett\", \"unitPrice\" : \"\", \"compareAtPriceString\": \"\", \"priceString\": \"24,99 \u20ac\", \"compareAtPrice\": 0.0, \"price\": 24.99, \"sale\":false, \"percentage\":\"\", \"badge\": \"new\", \"url\": \"https://shop.plantura.garden/products/schmetterlingsflieder-black-knight-dunkelviolett\", \"available\": false, \"availabilityInfo\":\"\", \"campaignInfo\":\"pflanzen-draussen\",\"isSet\": false, \"priceLabel\": \"\", \"compareAtPriceLabel\": \"\",\"reviewsData\":{\"reviewCount\": 1, \"reviewAverageValue\": 5.0},\"image\": \"https://shop.plantura.garden/cdn/shop/files/schmetterlingsflieder-black-knight-kaufen_1476x.png?v=1692796196\",\"tags\": \"beefriendly,buddleja davidii,butterfly bush,drought tolerant,flowering shrubs,jeddeloh,live plants,outdoor,pflanzen,pot-discount,schmetterlingsflieder,schmetterlingsstrauch,sommerflieder\",\"bulletPoints\": [\"Honigartig duftende, dunkelviolette Bl\u00fcten \u2013 ein Traum f\u00fcr Bienen \\u0026 Insekten\",\"Pflegeleicht, sehr gut winterhart \\u0026 stadtklimafest\\n\",\"Anspruchslos: W\u00e4chst an verschiedenen Standorten hervorragend\\n\"],\"variants\" : [ {\"sku\": \"OP-BUDA-0267\",\"available\": false, \"compareAtPriceString\": \"\", \"priceString\": \"24,99 \u20ac\", \"compareAtPrice\": 0.0, \"price\": 24.99, \"sale\":false, \"percentage\":\"\", \"priceCurrency\" : \"EUR\", \"url\" : \"https://shop.plantura.garden/products/schmetterlingsflieder-black-knight-dunkelviolett?variant=44373870248202\",\"isSet\":false}], \"handle\" : \"schmetterlingsflieder-black-knight-dunkelviolett\"}, { \"name\": \"Schmetterlingsflieder \\u0026#39;Pink Delight\\u0026#39; Dunkelrosa\", \"unitPrice\" : \"\", \"compareAtPriceString\": \"\", \"priceString\": \"24,99 \u20ac\", \"compareAtPrice\": 0.0, \"price\": 24.99, \"sale\":false, \"percentage\":\"\", \"badge\": \"new\", \"url\": \"https://shop.plantura.garden/products/schmetterlingsflieder-pink-delight-dunkelrosa\", \"available\": false, \"availabilityInfo\":\"\", \"campaignInfo\":\"pflanzen-draussen\",\"isSet\": false, \"priceLabel\": \"\", \"compareAtPriceLabel\": \"\",\"reviewsData\":{\"reviewCount\": 1, \"reviewAverageValue\": 5.0},\"image\": \"https://shop.plantura.garden/cdn/shop/files/schmetterlingsflieder-pink-delight-kaufen_1476x.png?v=1692796220\",\"tags\": \"beefriendly,buddleja davidii,butterfly bush,drought tolerant,flowering shrubs,jeddeloh,live plants,outdoor,pflanzen,pot-discount,schmetterlingsflieder,schmetterlingsstrauch,sommerflieder\",\"bulletPoints\": [\"Herrlich lange Bl\u00fctenrispen in wundersch\u00f6nem Dunkelrosa\",\"Bl\u00fctenpracht von Juni bis Oktober \u2013 beliebt bei Bienen \\u0026 Schmetterlingen\\n\",\"Pflegeleicht, hitzevertr\u00e4glich \\u0026 auch f\u00fcr st\u00e4dtischen Klima geeignet\\n\"],\"variants\" : [ {\"sku\": \"OP-BUDA-0268\",\"available\": false, \"compareAtPriceString\": \"\", \"priceString\": \"24,99 \u20ac\", \"compareAtPrice\": 0.0, \"price\": 24.99, \"sale\":false, \"percentage\":\"\", \"priceCurrency\" : \"EUR\", \"url\" : \"https://shop.plantura.garden/products/schmetterlingsflieder-pink-delight-dunkelrosa?variant=44373873590538\",\"isSet\":false}], \"handle\" : \"schmetterlingsflieder-pink-delight-dunkelrosa\"}, { \"name\": \"Schmetterlingsflieder \\u0026#39;White Profusion\\u0026#39; Wei\u00df\", \"unitPrice\" : \"\", \"compareAtPriceString\": \"\", \"priceString\": \"24,99 \u20ac\", \"compareAtPrice\": 0.0, \"price\": 24.99, \"sale\":false, \"percentage\":\"\", \"badge\": \"new\", \"url\": \"https://shop.plantura.garden/products/schmetterlingsflieder-white-profusion-weiss\", \"available\": false, \"availabilityInfo\":\"\", \"campaignInfo\":\"pflanzen-draussen\",\"isSet\": false, \"priceLabel\": \"\", \"compareAtPriceLabel\": \"\",\"reviewsData\":{\"reviewCount\": 0, \"reviewAverageValue\": 0.0},\"image\": \"https://shop.plantura.garden/cdn/shop/files/schmetterlingsflieder-white-profusion-kaufen_b2a8493e-57d9-4065-9eeb-0fa0adef29b8_1476x.png?v=1691763067\",\"tags\": \"beefriendly,buddleja davidii,butterfly bush,drought tolerant,flowering shrubs,jeddeloh,live plants,outdoor,pflanzen,pot-discount,schmetterlingsflieder,schmetterlingsstrauch,sommerflieder\",\"bulletPoints\": [\"Strahlend wei\u00dfe, insektenfreundliche Bl\u00fctenrispen\\n\",\"Pflegeleicht \\u0026 winterhart: Perfekt f\u00fcr Einsteiger\\n\",\"Liebt sonnige Standorte \\u0026 lockere B\u00f6den\"],\"variants\" : [ {\"sku\": \"OP-BUDA-0266\",\"available\": false, \"compareAtPriceString\": \"\", \"priceString\": \"24,99 \u20ac\", \"compareAtPrice\": 0.0, \"price\": 24.99, \"sale\":false, \"percentage\":\"\", \"priceCurrency\" : \"EUR\", \"url\" : \"https://shop.plantura.garden/products/schmetterlingsflieder-white-profusion-weiss?variant=44373870149898\",\"isSet\":false}], \"handle\" : \"schmetterlingsflieder-white-profusion-weiss\"}, { \"name\": \"Schmetterlingsflieder POQUITO\u00ae \\u0026#39;Brimstone Butterfly\\u0026#39;\u00ae Beige-Wei\u00df\", \"unitPrice\" : \"\", \"compareAtPriceString\": \"\", \"priceString\": \"24,99 \u20ac\", \"compareAtPrice\": 0.0, \"price\": 24.99, \"sale\":false, \"percentage\":\"\", \"badge\": \"new\", \"url\": \"https://shop.plantura.garden/products/schmetterlingsflieder-poquito-brimstone-butterfly-beige-weiss\", \"available\": false, \"availabilityInfo\":\"\", \"campaignInfo\":\"pflanzen-draussen\",\"isSet\": false, \"priceLabel\": \"\", \"compareAtPriceLabel\": \"\",\"reviewsData\":{\"reviewCount\": 0, \"reviewAverageValue\": 0.0},\"image\": \"https://shop.plantura.garden/cdn/shop/files/plantura-schmetterlingsflieder-poquito-brimstone-butterfly-kaufen_1476x.png?v=1692796143\",\"tags\": \"balcony,beefriendly,buddleja davidii,butterfly bush,drought tolerant,flowering shrubs,jeddeloh,live plants,outdoor,pflanzen,pot-discount,schmetterlingsflieder,schmetterlingsstrauch,sommerflieder,zwergsommerflieder\",\"bulletPoints\": [\"Zahlreiche beige-wei\u00dfe \\u0026 duftende Bl\u00fcten von Juli bis Oktober\",\"Nahrungsquelle f\u00fcr Schmetterlinge \\u0026 Bienen\",\"Ideal f\u00fcr den Topf: W\u00e4chst kompakt ohne h\u00e4ngende Triebe\"],\"variants\" : [ {\"sku\": \"OP-BUDA-0024\",\"available\": false, \"compareAtPriceString\": \"\", \"priceString\": \"24,99 \u20ac\", \"compareAtPrice\": 0.0, \"price\": 24.99, \"sale\":false, \"percentage\":\"\", \"priceCurrency\" : \"EUR\", \"url\" : \"https://shop.plantura.garden/products/schmetterlingsflieder-poquito-brimstone-butterfly-beige-weiss?variant=43534122680586\",\"isSet\":false}], \"handle\" : \"schmetterlingsflieder-poquito-brimstone-butterfly-beige-weiss\"}, { \"name\": \"Schmetterlingsflieder POQUITO\u00ae \\u0026#39;Holly Blue\\u0026#39;\u00ae Blau\", \"unitPrice\" : \"\", \"compareAtPriceString\": \"\", \"priceString\": \"24,99 \u20ac\", \"compareAtPrice\": 0.0, \"price\": 24.99, \"sale\":false, \"percentage\":\"\", \"badge\": \"new\", \"url\": \"https://shop.plantura.garden/products/schmetterlingsflieder-poquito-holly-blue-blau\", \"available\": false, \"availabilityInfo\":\"\", \"campaignInfo\":\"pflanzen-draussen\",\"isSet\": false, \"priceLabel\": \"\", \"compareAtPriceLabel\": \"\",\"reviewsData\":{\"reviewCount\": 4, \"reviewAverageValue\": 4.8},\"image\": \"https://shop.plantura.garden/cdn/shop/files/plantura-schmetterlingsflieder-poquito-holly-blue-kaufen_1476x.png?v=1692796180\",\"tags\": \"balcony,beefriendly,buddleja davidii,butterfly bush,drought tolerant,flowering shrubs,jeddeloh,live plants,ornamental bushes,outdoor,pflanzen,pot-discount,schmetterlingsflieder,schmetterlingsstrauch,sommerflieder,zwergsommerflieder\",\"bulletPoints\": [\"Blauer Sommerflieder mit wunderbarem Duft\",\"Nahrungsquelle f\u00fcr Schmetterlinge \\u0026 Bienen\",\"Perfekt f\u00fcr den Topf: Kompakter Wuchs ohne h\u00e4ngende Triebe\"],\"variants\" : [ {\"sku\": \"OP-BUDA-0028\",\"available\": false, \"compareAtPriceString\": \"\", \"priceString\": \"24,99 \u20ac\", \"compareAtPrice\": 0.0, \"price\": 24.99, \"sale\":false, \"percentage\":\"\", \"priceCurrency\" : \"EUR\", \"url\" : \"https://shop.plantura.garden/products/schmetterlingsflieder-poquito-holly-blue-blau?variant=43534123008266\",\"isSet\":false}], \"handle\" : \"schmetterlingsflieder-poquito-holly-blue-blau\"}, { \"name\": \"Schmetterlingsflieder POQUITO\u00ae \\u0026#39;Lavender Cupcake\\u0026#39;\u00ae Lila\", \"unitPrice\" : \"\", \"compareAtPriceString\": \"\", \"priceString\": \"24,99 \u20ac\", \"compareAtPrice\": 0.0, \"price\": 24.99, \"sale\":false, \"percentage\":\"\", \"badge\": \"new\", \"url\": \"https://shop.plantura.garden/products/schmetterlingsflieder-poquito-lavender-cupcake-lila\", \"available\": false, \"availabilityInfo\":\"\", \"campaignInfo\":\"pflanzen-draussen\",\"isSet\": false, \"priceLabel\": \"\", \"compareAtPriceLabel\": \"\",\"reviewsData\":{\"reviewCount\": 1, \"reviewAverageValue\": 5.0},\"image\": \"https://shop.plantura.garden/cdn/shop/files/plantura-schmetterlingsflieder-poquito-lavender-cupcake-kaufen_1476x.png?v=1692796118\",\"tags\": \"balcony,beefriendly,buddleja davidii,butterfly bush,drought tolerant,flowering shrubs,jeddeloh,live plants,outdoor,pflanzen,pot-discount,schmetterlingsflieder,schmetterlingsstrauch,sommerflieder,zwergsommerflieder\",\"bulletPoints\": [\"Duftende, lila Bl\u00fctenpracht von Juli bis in den Oktober\",\"Bienen- \\u0026 schmetterlingsfreundlicher Sommerflieder\",\"W\u00e4chst kompakt \\u0026 buschig \u2013 perfekt f\u00fcr Balkon \\u0026 Terrasse\"],\"variants\" : [ {\"sku\": \"OP-BUDA-0022\",\"available\": false, \"compareAtPriceString\": \"\", \"priceString\": \"24,99 \u20ac\", \"compareAtPrice\": 0.0, \"price\": 24.99, \"sale\":false, \"percentage\":\"\", \"priceCurrency\" : \"EUR\", \"url\" : \"https://shop.plantura.garden/products/schmetterlingsflieder-poquito-lavender-cupcake-lila?variant=43533759447306\",\"isSet\":false}], \"handle\" : \"schmetterlingsflieder-poquito-lavender-cupcake-lila\"}, { \"name\": \"Schmetterlingsflieder POQUITO\u00ae \\u0026#39;Orchid Annie\\u0026#39;\u00ae Lila\", \"unitPrice\" : \"\", \"compareAtPriceString\": \"\", \"priceString\": \"24,99 \u20ac\", \"compareAtPrice\": 0.0, \"price\": 24.99, \"sale\":false, \"percentage\":\"\", \"badge\": \"new\", \"url\": \"https://shop.plantura.garden/products/schmetterlingsflieder-poquito-orchid-annie-lila\", \"available\": false, \"availabilityInfo\":\"\", \"campaignInfo\":\"pflanzen-draussen\",\"isSet\": false, \"priceLabel\": \"\", \"compareAtPriceLabel\": \"\",\"reviewsData\":{\"reviewCount\": 5, \"reviewAverageValue\": 5.0},\"image\": \"https://shop.plantura.garden/cdn/shop/files/plantura-schmetterlingsflieder-poquito-orchid-annie-kaufen_1476x.png?v=1692796131\",\"tags\": \"balcony,beefriendly,buddleja davidii,butterfly bush,drought tolerant,flowering shrubs,jeddeloh,live plants,ornamental bushes,outdoor,pflanzen,pot-discount,schmetterlingsflieder,schmetterlingsstrauch,sommerflieder,zwergsommerflieder\",\"bulletPoints\": [\"Duftende, \u00fcppige Bl\u00fctenpracht in wundersch\u00f6nem Lila\",\"Bienen- \\u0026 schmetterlingsfreundlicher Sommerflieder\",\"Buschiger Wuchs ohne h\u00e4ngende Triebe \u2013 ideal f\u00fcr Balkon \\u0026 Terrasse\"],\"variants\" : [ {\"sku\": \"OP-BUDA-0023\",\"available\": false, \"compareAtPriceString\": \"\", \"priceString\": \"24,99 \u20ac\", \"compareAtPrice\": 0.0, \"price\": 24.99, \"sale\":false, \"percentage\":\"\", \"priceCurrency\" : \"EUR\", \"url\" : \"https://shop.plantura.garden/products/schmetterlingsflieder-poquito-orchid-annie-lila?variant=43534122647818\",\"isSet\":false}], \"handle\" : \"schmetterlingsflieder-poquito-orchid-annie-lila\"}, { \"name\": \"Schmetterlingsflieder POQUITO\u00ae \\u0026#39;Painted Lady\\u0026#39;\u00ae Lila\", \"unitPrice\" : \"\", \"compareAtPriceString\": \"\", \"priceString\": \"24,99 \u20ac\", \"compareAtPrice\": 0.0, \"price\": 24.99, \"sale\":false, \"percentage\":\"\", \"badge\": \"new\", \"url\": \"https://shop.plantura.garden/products/schmetterlingsflieder-poquito-painted-lady-lila\", \"available\": false, \"availabilityInfo\":\"\", \"campaignInfo\":\"pflanzen-draussen\",\"isSet\": false, \"priceLabel\": \"\", \"compareAtPriceLabel\": \"\",\"reviewsData\":{\"reviewCount\": 10, \"reviewAverageValue\": 4.2},\"image\": \"https://shop.plantura.garden/cdn/shop/files/plantura-schmetterlingsflieder-poquito-painted-lady-kaufen_1476x.png?v=1692796154\",\"tags\": \"balcony,beefriendly,buddleja davidii,butterfly bush,drought tolerant,flowering shrubs,jeddeloh,live plants,ornamental bushes,outdoor,pflanzen,pot-discount,schmetterlingsflieder,schmetterlingsstrauch,sommerflieder,zwergsommerflieder\",\"bulletPoints\": [\"\u00dcppige Bl\u00fctenpracht in dunklem Lila mit wunderbarem Duft\",\"Von Juli bis Oktober Nahrungsquelle f\u00fcr Bienen \\u0026 Schmetterlinge\",\"Perfekt f\u00fcr Balkon \\u0026 Terrasse: W\u00e4chst kompakt ohne h\u00e4ngende Triebe\"],\"variants\" : [ {\"sku\": \"OP-BUDA-0025\",\"available\": false, \"compareAtPriceString\": \"\", \"priceString\": \"24,99 \u20ac\", \"compareAtPrice\": 0.0, \"price\": 24.99, \"sale\":false, \"percentage\":\"\", \"priceCurrency\" : \"EUR\", \"url\" : \"https://shop.plantura.garden/products/schmetterlingsflieder-poquito-painted-lady-lila?variant=43534122746122\",\"isSet\":false}], \"handle\" : \"schmetterlingsflieder-poquito-painted-lady-lila\"}, { \"name\": \"Schmetterlingsflieder POQUITO\u00ae \\u0026#39;Violet Copper\\u0026#39;\u00ae Violett\", \"unitPrice\" : \"\", \"compareAtPriceString\": \"\", \"priceString\": \"24,99 \u20ac\", \"compareAtPrice\": 0.0, \"price\": 24.99, \"sale\":false, \"percentage\":\"\", \"badge\": \"new\", \"url\": \"https://shop.plantura.garden/products/schmetterlingsflieder-poquito-violet-copper-violett\", \"available\": false, \"availabilityInfo\":\"\", \"campaignInfo\":\"pflanzen-draussen\",\"isSet\": false, \"priceLabel\": \"\", \"compareAtPriceLabel\": \"\",\"reviewsData\":{\"reviewCount\": 14, \"reviewAverageValue\": 4.2},\"image\": \"https://shop.plantura.garden/cdn/shop/files/plantura-schmetterlingsflieder-poquito-violet-copper-kaufen_1476x.png?v=1691763036\",\"tags\": \"balcony,beefriendly,buddleja davidii,butterfly bush,drought tolerant,flowering shrubs,jeddeloh,live plants,ornamental bushes,outdoor,pflanzen,pot-discount,schmetterlingsflieder,schmetterlingsstrauch,sommerflieder,zwergsommerflieder\",\"bulletPoints\": [\"Violettes Bl\u00fctenmeer mit angenehmem Duft\",\"Nahrungsquelle f\u00fcr Schmetterlinge \\u0026 Bienen\",\"W\u00e4chst kompakt ohne h\u00e4ngende Triebe \u2013 ideal f\u00fcr Terrasse \\u0026 Balkon\"],\"variants\" : [ {\"sku\": \"OP-BUDA-0027\",\"available\": false, \"compareAtPriceString\": \"\", \"priceString\": \"24,99 \u20ac\", \"compareAtPrice\": 0.0, \"price\": 24.99, \"sale\":false, \"percentage\":\"\", \"priceCurrency\" : \"EUR\", \"url\" : \"https://shop.plantura.garden/products/schmetterlingsflieder-poquito-violet-copper-violett?variant=43534122942730\",\"isSet\":false}], \"handle\" : \"schmetterlingsflieder-poquito-violet-copper-violett\"}, { \"name\": \"Schmetterlingsflieder POQUITO\u00ae \\u0026#39;White Admiral\\u0026#39;\u00ae Wei\u00df\", \"unitPrice\" : \"\", \"compareAtPriceString\": \"\", \"priceString\": \"24,99 \u20ac\", \"compareAtPrice\": 0.0, \"price\": 24.99, \"sale\":false, \"percentage\":\"\", \"badge\": \"new\", \"url\": \"https://shop.plantura.garden/products/schmetterlingsflieder-poquito-white-admiral-weiss\", \"available\": false, \"availabilityInfo\":\"\", \"campaignInfo\":\"pflanzen-draussen\",\"isSet\": false, \"priceLabel\": \"\", \"compareAtPriceLabel\": \"\",\"reviewsData\":{\"reviewCount\": 3, \"reviewAverageValue\": 4.3},\"image\": \"https://shop.plantura.garden/cdn/shop/files/plantura-schmetterlingsflieder-poquito-white-admiral-kaufen_1476x.png?v=1692796167\",\"tags\": \"balcony,beefriendly,buddleja davidii,butterfly bush,drought tolerant,flowering shrubs,jeddeloh,live plants,ornamental bushes,outdoor,pflanzen,pot-discount,schmetterlingsflieder,schmetterlingsstrauch,sommerflieder,zwergsommerflieder\",\"bulletPoints\": [\"Strahlend wei\u00dfe Bl\u00fcten mit wunderbarem Duft\",\"Echter Magnet f\u00fcr Bienen \\u0026 Schmetterlinge\",\"Kompakter Wuchs ohne h\u00e4ngende Triebe \u2013 ideal f\u00fcr Terrasse \\u0026 Balkon\"],\"variants\" : [ {\"sku\": \"OP-BUDA-0026\",\"available\": false, \"compareAtPriceString\": \"\", \"priceString\": \"24,99 \u20ac\", \"compareAtPrice\": 0.0, \"price\": 24.99, \"sale\":false, \"percentage\":\"\", \"priceCurrency\" : \"EUR\", \"url\" : \"https://shop.plantura.garden/products/schmetterlingsflieder-poquito-white-admiral-weiss?variant=43534122844426\",\"isSet\":false}], \"handle\" : \"schmetterlingsflieder-poquito-white-admiral-weiss\"}, { \"name\": \"Schmetterlingswiese 150 g\", \"unitPrice\" : \"Grundpreis: 66,60 \u20ac/kg\", \"compareAtPriceString\": \"\", \"priceString\": \"9,99 \u20ac\", \"compareAtPrice\": 0.0, \"price\": 9.99, \"sale\":false, \"percentage\":\"\", \"badge\": \"new\", \"url\": \"https://shop.plantura.garden/products/schmetterlingswiese-150-g\", \"available\": true, \"availabilityInfo\":\"\", \"campaignInfo\":\"saatgut\",\"isSet\": false, \"priceLabel\": \"\", \"compareAtPriceLabel\": \"\",\"reviewsData\":{\"reviewCount\": 56, \"reviewAverageValue\": 4.9},\"image\": \"https://shop.plantura.garden/cdn/shop/files/schmetterlingswiese-plantura_1476x.png?v=1691137336\",\"tags\": \"aussaat,balkon,beefriendly seeds,blumen,blumensamen,blumenwiese,category_saatgut,dill,green-week-22,greenweek-geschenkideen,insekten,insektenhotel,insektenweide,kamille,kapuzinerkresse,mohn,n\u00fctzlinge,phacelia,ringelblume,saatgut,samen,schmetterlingsweide,schmetterlingswiese,sonnenblume,sonnenhut,tagetes,thymian,v\u00f6gel,wildblumen,wildkr\u00e4uter\",\"bulletPoints\": [\"Pflegeleichte Blumenmischung aus \u00fcber 30 ein- \\u0026 mehrj\u00e4hrigen Arten\",\"Bietet Schmetterlingen \\u0026 deren Raupen ein reiches Nahrungsangebot\",\"Premium-Schmetterlingswiese mit Experten entwickelt\"],\"variants\" : [ {\"sku\": \"XQ-YD2R-2SVY\",\"available\": true, \"compareAtPriceString\": \"\", \"priceString\": \"9,99 \u20ac\", \"compareAtPrice\": 0.0, \"price\": 9.99, \"sale\":false, \"percentage\":\"\", \"priceCurrency\" : \"EUR\", \"url\" : \"https://shop.plantura.garden/products/schmetterlingswiese-150-g?variant=33327286386776\",\"isSet\":false}, {\"sku\": \"59-9KOW-DLVI\",\"available\": true, \"compareAtPriceString\": \"19,98 \u20ac\", \"priceString\": \"18,99 \u20ac\", \"compareAtPrice\": 19.98, \"price\": 18.99, \"sale\":true, \"percentage\":\"5%\", \"priceCurrency\" : \"EUR\", \"url\" : \"https://shop.plantura.garden/products/schmetterlingswiese-150-g?variant=33327286419544\",\"isSet\":true }, {\"sku\": \"O6-RTFW-Z5D0\",\"available\": true, \"compareAtPriceString\": \"39,96 \u20ac\", \"priceString\": \"36,99 \u20ac\", \"compareAtPrice\": 39.96, \"price\": 36.99, \"sale\":true, \"percentage\":\"7%\", \"priceCurrency\" : \"EUR\", \"url\" : \"https://shop.plantura.garden/products/schmetterlingswiese-150-g?variant=33327286452312\",\"isSet\":true }, {\"sku\": \"R6-KKP9-NQ72\",\"available\": true, \"compareAtPriceString\": \"99,90 \u20ac\", \"priceString\": \"89,99 \u20ac\", \"compareAtPrice\": 99.9, \"price\": 89.99, \"sale\":true, \"percentage\":\"10%\", \"priceCurrency\" : \"EUR\", \"url\" : \"https://shop.plantura.garden/products/schmetterlingswiese-150-g?variant=33327286485080\",\"isSet\":true }], \"handle\" : \"schmetterlingswiese-150-g\"}, { \"name\": \"Schneebeere Magical\u00ae \\u0026#39;Candy\\u0026#39;\", \"unitPrice\" : \"\", \"compareAtPriceString\": \"\", \"priceString\": \"29,99 \u20ac\", \"compareAtPrice\": 0.0, \"price\": 29.99, \"sale\":false, \"percentage\":\"\", \"badge\": \"new\", \"url\": \"https://shop.plantura.garden/products/schneebeere-magical-candy\", \"available\": false, \"availabilityInfo\":\"\", \"campaignInfo\":\"pflanzen-draussen\",\"isSet\": false, \"priceLabel\": \"\", \"compareAtPriceLabel\": \"\",\"reviewsData\":{\"reviewCount\": 0, \"reviewAverageValue\": 0.0},\"image\": \"https://shop.plantura.garden/cdn/shop/files/schneebeere-magical-candy-kaufen_1476x.png?v=1692799289\",\"tags\": \"amethystbeere,beefriendly,birdfriendly,deciduous shrubs,drought tolerant,flowering shrubs,jeddeloh,live plants,outdoor,pflanzen,pot-discount,rosa schneebeere,snowberry,symphoricarpos doorenbosii\",\"bulletPoints\": [\"Bienenfreundliche, wei\u00dfe Bl\u00fcten im Sommer\",\"Dekorativer, rosa Fruchtschmuck im Herbst\",\"Robustes Vogeln\u00e4hrgeh\u00f6lz \u2013 vielseitig einsetzbar\"],\"variants\" : [ {\"sku\": \"OP-SYDO-0165\",\"available\": false, \"compareAtPriceString\": \"\", \"priceString\": \"29,99 \u20ac\", \"compareAtPrice\": 0.0, \"price\": 29.99, \"sale\":false, \"percentage\":\"\", \"priceCurrency\" : \"EUR\", \"url\" : \"https://shop.plantura.garden/products/schneebeere-magical-candy?variant=44327886946570\",\"isSet\":false}], \"handle\" : \"schneebeere-magical-candy\"}, { \"name\": \"Schneebeere Magical\u00ae \\u0026#39;Galaxy\\u0026#39;\", \"unitPrice\" : \"\", \"compareAtPriceString\": \"\", \"priceString\": \"29,99 \u20ac\", \"compareAtPrice\": 0.0, \"price\": 29.99, \"sale\":false, \"percentage\":\"\", \"badge\": \"new\", \"url\": \"https://shop.plantura.garden/products/schneebeere-magical-galaxy\", \"available\": false, \"availabilityInfo\":\"\", \"campaignInfo\":\"pflanzen-draussen\",\"isSet\": false, \"priceLabel\": \"\", \"compareAtPriceLabel\": \"\",\"reviewsData\":{\"reviewCount\": 1, \"reviewAverageValue\": 5.0},\"image\": \"https://shop.plantura.garden/cdn/shop/files/schneebeere-magical-galaxy-kaufen_1476x.png?v=1692799306\",\"tags\": \"amethystbeere,beefriendly,birdfriendly,deciduous shrubs,drought tolerant,flowering shrubs,jeddeloh,live plants,outdoor,pflanzen,pot-discount,rosa schneebeere,snowberry,symphoricarpos doorenbosii\",\"bulletPoints\": [\"Wei\u00dfe Bl\u00fcten im Sommer \\u0026 dekorative Fr\u00fcchte im Herbst\",\"Robuster Zwergstrauch mit dichtem, buschigem Wuchs\",\"Insektenfreundliches Vogeln\u00e4hrgeh\u00f6lz\"],\"variants\" : [ {\"sku\": \"OP-SYDO-0166\",\"available\": false, \"compareAtPriceString\": \"\", \"priceString\": \"29,99 \u20ac\", \"compareAtPrice\": 0.0, \"price\": 29.99, \"sale\":false, \"percentage\":\"\", \"priceCurrency\" : \"EUR\", \"url\" : \"https://shop.plantura.garden/products/schneebeere-magical-galaxy?variant=44327888650506\",\"isSet\":false}], \"handle\" : \"schneebeere-magical-galaxy\"}, { \"name\": \"Schwarzer Holunder \\u0026#39;Black Lace\\u0026#39;\u00ae\", \"unitPrice\" : \"\", \"compareAtPriceString\": \"\", \"priceString\": \"32,99 \u20ac\", \"compareAtPrice\": 0.0, \"price\": 32.99, \"sale\":false, \"percentage\":\"\", \"badge\": \"new\", \"url\": \"https://shop.plantura.garden/products/schwarzer-holunder-black-lace\", \"available\": true, \"availabilityInfo\":\"\", \"campaignInfo\":\"pflanzen-draussen\",\"isSet\": false, \"priceLabel\": \"\", \"compareAtPriceLabel\": \"\",\"reviewsData\":{\"reviewCount\": 40, \"reviewAverageValue\": 4.7},\"image\": \"https://shop.plantura.garden/cdn/shop/files/schwarzer-holunder-black-lace-kaufen_1280x.png?v=1692799261\",\"tags\": \"beefriendly,birdfriendly,deciduous shrubs,duft holunder,elderberry,flowering shrubs,foliage,fruit,holunder,jeddeloh,live plants,outdoor,pflanzen,pot-discount,rotlaubiger holunder,rotlaubiger schlitzholunder,sambucus nigra,schwarzlaubiger holunder,spring bloomer\",\"bulletPoints\": [\"Schwarze Holunderbeeren im Sp\u00e4tsommer: Ideal f\u00fcr Gelee oder gesunde S\u00e4fte\",\"Bienenfreundliche Bl\u00fcten \\u0026 Beeren als wertvolle Vogelnahrung\",\"Eindrucksvolle, geschlitzte Bl\u00e4tter in tief dunkelroter Farbe\"],\"variants\" : [ {\"sku\": \"OP-SANI-0244\",\"available\": true, \"compareAtPriceString\": \"\", \"priceString\": \"32,99 \u20ac\", \"compareAtPrice\": 0.0, \"price\": 32.99, \"sale\":false, \"percentage\":\"\", \"priceCurrency\" : \"EUR\", \"url\" : \"https://shop.plantura.garden/products/schwarzer-holunder-black-lace?variant=44327882752266\",\"isSet\":false}, {\"sku\": \"OP-SANI-0242\",\"available\": false, \"compareAtPriceString\": \"\", \"priceString\": \"49,99 \u20ac\", \"compareAtPrice\": 0.0, \"price\": 49.99, \"sale\":false, \"percentage\":\"\", \"priceCurrency\" : \"EUR\", \"url\" : \"https://shop.plantura.garden/products/schwarzer-holunder-black-lace?variant=44327882785034\",\"isSet\":false}, {\"sku\": \"OP-SANI-0243\",\"available\": true, \"compareAtPriceString\": \"\", \"priceString\": \"79,99 \u20ac\", \"compareAtPrice\": 0.0, \"price\": 79.99, \"sale\":false, \"percentage\":\"\", \"priceCurrency\" : \"EUR\", \"url\" : \"https://shop.plantura.garden/products/schwarzer-holunder-black-lace?variant=44327882817802\",\"isSet\":false}], \"handle\" : \"schwarzer-holunder-black-lace\"}, { \"name\": \"Schwertfarn \\u0026#39;Green Lady\\u0026#39;\", \"unitPrice\" : \"\", \"compareAtPriceString\": \"\", \"priceString\": \"17,99 \u20ac\", \"compareAtPrice\": 0.0, \"price\": 17.99, \"sale\":false, \"percentage\":\"\", \"badge\": \"new\", \"url\": \"https://shop.plantura.garden/products/schwertfarn-green-lady-nephrolepis-exaltata\", \"available\": true, \"availabilityInfo\":\"\", \"campaignInfo\":\"zimmerpflanzen\",\"isSet\": false, \"priceLabel\": \"\", \"compareAtPriceLabel\": \"\",\"reviewsData\":{\"reviewCount\": 13, \"reviewAverageValue\": 4.9},\"image\": \"https://shop.plantura.garden/cdn/shop/files/plantura-schwertfarn-green-lady-kaufen_2a4944cd-7be4-41b1-8386-693f61c8ad4e_1476x.png?v=1686127024\",\"tags\": \"eflora,farn,gr\u00fcnpflanzen,indoor,katzenfreundlich,kleine zimmerpflanzen,live plants,luftreinigend,pflanzen,pflegeleicht,pot-discount\",\"bulletPoints\": [\"Tropische Sch\u00f6nheit mit grazilen, hellgr\u00fcnen Bl\u00e4ttern\",\"Luftreinigend \\u0026 haustierfreundlich \u2013 perfekt f\u00fcr Bad \\u0026 K\u00fcche geeignet\",\"Liebt helle bis halbschattige Standorte mit hoher Luftfeuchtigkeit\"],\"variants\" : [ {\"sku\": \"IP-NEEX-0006\",\"available\": true, \"compareAtPriceString\": \"\", \"priceString\": \"17,99 \u20ac\", \"compareAtPrice\": 0.0, \"price\": 17.99, \"sale\":false, \"percentage\":\"\", \"priceCurrency\" : \"EUR\", \"url\" : \"https://shop.plantura.garden/products/schwertfarn-green-lady-nephrolepis-exaltata?variant=43725403783434\",\"isSet\":false}, {\"sku\": \"IP-NEEX-0052\",\"available\": true, \"compareAtPriceString\": \"\", \"priceString\": \"25,99 \u20ac\", \"compareAtPrice\": 0.0, \"price\": 25.99, \"sale\":false, \"percentage\":\"\", \"priceCurrency\" : \"EUR\", \"url\" : \"https://shop.plantura.garden/products/schwertfarn-green-lady-nephrolepis-exaltata?variant=44591258861834\",\"isSet\":false}], \"handle\" : \"schwertfarn-green-lady-nephrolepis-exaltata\"}, { \"name\": \"Seidenbaum \\u0026#39;Summer Chocolate\\u0026#39; Pink-Rosa\", \"unitPrice\" : \"\", \"compareAtPriceString\": \"\", \"priceString\": \"59,99 \u20ac\", \"compareAtPrice\": 0.0, \"price\": 59.99, \"sale\":false, \"percentage\":\"\", \"badge\": \"new\", \"url\": \"https://shop.plantura.garden/products/seidenbaum-summer-chocolate-pink-rosa\", \"available\": false, \"availabilityInfo\":\"\", \"campaignInfo\":\"pflanzen-draussen\",\"isSet\": false, \"priceLabel\": \"\", \"compareAtPriceLabel\": \"\",\"reviewsData\":{\"reviewCount\": 3, \"reviewAverageValue\": 3.7},\"image\": \"https://shop.plantura.garden/cdn/shop/files/seidenbaum-summer-chocolate-kaufen_1378x.png?v=1692795873\",\"tags\": \"asia,beefriendly,deciduous shrubs,drought tolerant,flowering shrubs,foliage,jeddeloh,live plants,outdoor,pflanzen,pot-discount,schlafbaum,seidenakazie,silk tree\",\"bulletPoints\": [\"Au\u00dfergew\u00f6hnlich gefiederte, r\u00f6tlich-schokoladenbraune Bl\u00e4tter\",\"Wundersch\u00f6ne \\u0026 bienenfreundliche, pink-rosa Bl\u00fcte\",\"Stadtklimafester \\u0026 ganzj\u00e4hrig attraktiver Gro\u00dfstrauch\"],\"variants\" : [ {\"sku\": \"OP-ALJU-0256\",\"available\": false, \"compareAtPriceString\": \"\", \"priceString\": \"59,99 \u20ac\", \"compareAtPrice\": 0.0, \"price\": 59.99, \"sale\":false, \"percentage\":\"\", \"priceCurrency\" : \"EUR\", \"url\" : \"https://shop.plantura.garden/products/seidenbaum-summer-chocolate-pink-rosa?variant=44373852487946\",\"isSet\":false}], \"handle\" : \"seidenbaum-summer-chocolate-pink-rosa\"}, { \"name\": \"Senecio \\u0026#39;Mount Everest\\u0026#39;\", \"unitPrice\" : \"\", \"compareAtPriceString\": \"\", \"priceString\": \"27,99 \u20ac\", \"compareAtPrice\": 0.0, \"price\": 27.99, \"sale\":false, \"percentage\":\"\", \"badge\": \"new\", \"url\": \"https://shop.plantura.garden/products/senecio-ficoides-mount-everest\", \"available\": true, \"availabilityInfo\":\"\", \"campaignInfo\":\"zimmerpflanzen\",\"isSet\": false, \"priceLabel\": \"\", \"compareAtPriceLabel\": \"\",\"reviewsData\":{\"reviewCount\": 0, \"reviewAverageValue\": 0.0},\"image\": \"https://shop.plantura.garden/cdn/shop/files/plantura-senecio-mount-everest-kaufen_1476x.png?v=1693466204\",\"tags\": \"aquarine mount everest,curio ficoides mount everest,curio mount everest,eflora,greiskraut mount everest,gr\u00fcnpflanzen,indoor,kaktus,limited-quantity,live plants,pflanzen,pflegeleicht,pot-discount,senecio aquarine,succulents,sukkulente\",\"bulletPoints\": [\"Ungew\u00f6hnliche Bl\u00e4tter mit graublauer Wachsschicht\",\"Pflegeleichte Sukkulente mit geringem Wasserbedarf\",\"Mag pralle Sonne, aber auch leichten Schatten\"],\"variants\" : [ {\"sku\": \"IP-SEFI-0050\",\"available\": true, \"compareAtPriceString\": \"\", \"priceString\": \"27,99 \u20ac\", \"compareAtPrice\": 0.0, \"price\": 27.99, \"sale\":false, \"percentage\":\"\", \"priceCurrency\" : \"EUR\", \"url\" : \"https://shop.plantura.garden/products/senecio-ficoides-mount-everest?variant=44678639059210\",\"isSet\":false}], \"handle\" : \"senecio-ficoides-mount-everest\"}, { \"name\": \"SF-Nematoden gegen Trauerm\u00fccken, Apfelwickler \\u0026amp; Ameisen\", \"unitPrice\" : \"\", \"compareAtPriceString\": \"\", \"priceString\": \"5,90 \u20ac\", \"compareAtPrice\": 0.0, \"price\": 5.9, \"sale\":false, \"percentage\":\"\", \"badge\": \"new\", \"url\": \"https://shop.plantura.garden/products/sf-nematoden\", \"available\": true, \"availabilityInfo\":\"\", \"campaignInfo\":\"nuetzlinge\",\"isSet\": false, \"priceLabel\": \"\", \"compareAtPriceLabel\": \"\",\"reviewsData\":{\"reviewCount\": 796, \"reviewAverageValue\": 4.6},\"image\": \"https://shop.plantura.garden/cdn/shop/files/sf-nematoden-gegen-trauermuecken-plantura_1476x.png?v=1691053914\",\"tags\": \"Ameisen,apfelbaum,apfelwickler,category_n\u00fctzlinge-&-pflanzenschutz,fadenw\u00fcrmer,fight fungus gnats,grow houseplants,m\u00fccken,nemathoden,nematodes,n\u00fctzling,obstbaum,schwarze fliegen,trauerfliege,trauermahlen,trauerm\u00fccke,Trauerm\u00fccken,zimmerpflanze\",\"bulletPoints\": [\"Zuverl\u00e4ssig \\u0026 nat\u00fcrlich gegen Trauerm\u00fccken, Apfelwickler \\u0026 Ameisen\",\"Chemiefreie Bek\u00e4mpfung: Schonend f\u00fcr Pflanzen \\u0026 Boden\",\"Hergestellt in Deutschland - mit ausf\u00fchrlicher Anleitung zum Anwenden\"],\"variants\" : [ {\"sku\": \"SF-9E5R-1MIO\",\"available\": true, \"compareAtPriceString\": \"\", \"priceString\": \"5,90 \u20ac\", \"compareAtPrice\": 0.0, \"price\": 5.9, \"sale\":false, \"percentage\":\"\", \"priceCurrency\" : \"EUR\", \"url\" : \"https://shop.plantura.garden/products/sf-nematoden?variant=39816443560024\",\"isSet\":false}, {\"sku\": \"SF-9E5R-3MIO\",\"available\": true, \"compareAtPriceString\": \"\", \"priceString\": \"7,90 \u20ac\", \"compareAtPrice\": 0.0, \"price\": 7.9, \"sale\":false, \"percentage\":\"\", \"priceCurrency\" : \"EUR\", \"url\" : \"https://shop.plantura.garden/products/sf-nematoden?variant=39816448147544\",\"isSet\":false}, {\"sku\": \"SF-9E5R-8F54\",\"available\": true, \"compareAtPriceString\": \"\", \"priceString\": \"13,99 \u20ac\", \"compareAtPrice\": 0.0, \"price\": 13.99, \"sale\":false, \"percentage\":\"\", \"priceCurrency\" : \"EUR\", \"url\" : \"https://shop.plantura.garden/products/sf-nematoden?variant=39283041304664\",\"isSet\":false}, {\"sku\": \"SF-9E5R-D764\",\"available\": true, \"compareAtPriceString\": \"\", \"priceString\": \"15,99 \u20ac\", \"compareAtPrice\": 0.0, \"price\": 15.99, \"sale\":false, \"percentage\":\"\", \"priceCurrency\" : \"EUR\", \"url\" : \"https://shop.plantura.garden/products/sf-nematoden?variant=39283041337432\",\"isSet\":false}, {\"sku\": \"SF-9E5R-T734\",\"available\": true, \"compareAtPriceString\": \"\", \"priceString\": \"24,99 \u20ac\", \"compareAtPrice\": 0.0, \"price\": 24.99, \"sale\":false, \"percentage\":\"\", \"priceCurrency\" : \"EUR\", \"url\" : \"https://shop.plantura.garden/products/sf-nematoden?variant=39283041370200\",\"isSet\":false}, {\"sku\": \"SF-9E5R-T735\",\"available\": true, \"compareAtPriceString\": \"\", \"priceString\": \"34,99 \u20ac\", \"compareAtPrice\": 0.0, \"price\": 34.99, \"sale\":false, \"percentage\":\"\", \"priceCurrency\" : \"EUR\", \"url\" : \"https://shop.plantura.garden/products/sf-nematoden?variant=44730210943242\",\"isSet\":false}], \"handle\" : \"sf-nematoden\"}, { \"name\": \"Siebenpunkt-Marienk\u00e4fer Eier gegen Blattl\u00e4use\", \"unitPrice\" : \"\", \"compareAtPriceString\": \"\", \"priceString\": \"29,99 \u20ac\", \"compareAtPrice\": 0.0, \"price\": 29.99, \"sale\":false, \"percentage\":\"\", \"badge\": \"new\", \"url\": \"https://shop.plantura.garden/products/marienkaefer-eier\", \"available\": true, \"availabilityInfo\":\"\", \"campaignInfo\":\"nuetzlinge\",\"isSet\": false, \"priceLabel\": \"\", \"compareAtPriceLabel\": \"\",\"reviewsData\":{\"reviewCount\": 85, \"reviewAverageValue\": 3.9},\"image\": \"https://shop.plantura.garden/cdn/shop/files/plantura-marienkaefer-eier-kaufen_1476x.png?v=1691054968\",\"tags\": \"7 punkt marienk\u00e4fer,Blattl\u00e4use,coccinella septempunctata,fight aphids,marienk\u00e4fer larven,marienk\u00e4ferlarfen,marienk\u00e4ferlarven,n\u00fctzling,siebenpunkt marienk\u00e4fer\",\"bulletPoints\": [\"Nat\u00fcrlich \\u0026 extrem zuverl\u00e4ssig gegen alle Blattlausarten\",\"Chemiefreie Bek\u00e4mpfung: Schonend f\u00fcr Pflanzen \\u0026 Boden\",\"Hergestellt in Deutschland - mit ausf\u00fchrlicher Anleitung zur Anwendung\"],\"variants\" : [ {\"sku\": \"NT-7PMK-0150\",\"available\": true, \"compareAtPriceString\": \"\", \"priceString\": \"29,99 \u20ac\", \"compareAtPrice\": 0.0, \"price\": 29.99, \"sale\":false, \"percentage\":\"\", \"priceCurrency\" : \"EUR\", \"url\" : \"https://shop.plantura.garden/products/marienkaefer-eier?variant=39890694045784\",\"isSet\":false}], \"handle\" : \"marienkaefer-eier\"}, { \"name\": \"Siebenpunkt-Marienk\u00e4fer gegen Blattl\u00e4use\", \"unitPrice\" : \"\", \"compareAtPriceString\": \"\", \"priceString\": \"29,99 \u20ac\", \"compareAtPrice\": 0.0, \"price\": 29.99, \"sale\":false, \"percentage\":\"\", \"badge\": \"new\", \"url\": \"https://shop.plantura.garden/products/marienkaefer\", \"available\": true, \"availabilityInfo\":\"\", \"campaignInfo\":\"nuetzlinge\",\"isSet\": false, \"priceLabel\": \"\", \"compareAtPriceLabel\": \"\",\"reviewsData\":{\"reviewCount\": 70, \"reviewAverageValue\": 4.1},\"image\": \"https://shop.plantura.garden/cdn/shop/files/plantura-siebenpunkt-marienkaefer_1476x.png?v=1691055131\",\"tags\": \"7 punkt marienk\u00e4fer,Blattl\u00e4use,category_n\u00fctzlinge-&-pflanzenschutz,coccinella septempunctata,fight aphids,marienk\u00e4fer larven,marienk\u00e4ferlarfen,marienk\u00e4ferlarven,n\u00fctzling,siebenpunkt marienk\u00e4fer\",\"bulletPoints\": [\"Zuverl\u00e4ssig \\u0026 nat\u00fcrlich gegen alle Blattlausarten\",\"Chemiefreie Bek\u00e4mpfung: Schonend f\u00fcr Boden \\u0026 Pflanzen\",\"Mit ausf\u00fchrlicher Anleitung - hergestellt in Deutschland\"],\"variants\" : [ {\"sku\": \"NT-PSMK-10ST\",\"available\": true, \"compareAtPriceString\": \"\", \"priceString\": \"29,99 \u20ac\", \"compareAtPrice\": 0.0, \"price\": 29.99, \"sale\":false, \"percentage\":\"\", \"priceCurrency\" : \"EUR\", \"url\" : \"https://shop.plantura.garden/products/marienkaefer?variant=39559190511704\",\"isSet\":false}], \"handle\" : \"marienkaefer\"}, { \"name\": \"Sommerflieder \\u0026#39;Prince Charming\\u0026#39;\u00ae Rot\", \"unitPrice\" : \"\", \"compareAtPriceString\": \"\", \"priceString\": \"24,99 \u20ac\", \"compareAtPrice\": 0.0, \"price\": 24.99, \"sale\":false, \"percentage\":\"\", \"badge\": \"new\", \"url\": \"https://shop.plantura.garden/products/sommerflieder-prince-charming-rot\", \"available\": false, \"availabilityInfo\":\"\", \"campaignInfo\":\"pflanzen-draussen\",\"isSet\": false, \"priceLabel\": \"\", \"compareAtPriceLabel\": \"\",\"reviewsData\":{\"reviewCount\": 1, \"reviewAverageValue\": 5.0},\"image\": \"https://shop.plantura.garden/cdn/shop/files/sommerflieder-prince-charming-kaufen_1476x.png?v=1692796238\",\"tags\": \"beefriendly,buddleja davidii,butterfly bush,drought tolerant,flowering shrubs,jeddeloh,live plants,outdoor,pflanzen,pot-discount,schmetterlingsflieder,schmetterlingsstrauch,sommerflieder,zwergsommerflieder\",\"bulletPoints\": [\"Strahlend rote \\u0026 herrlich duftende Bl\u00fcten von Juni bis Oktober\",\"Kompakter Wuchs \u2013 ideal f\u00fcr Balkon \\u0026 Terrasse\",\"Pflegeleicht, trockenheitsvertr\u00e4glich \\u0026 hitzeresistent\\n\"],\"variants\" : [ {\"sku\": \"OP-BUDA-0269\",\"available\": false, \"compareAtPriceString\": \"\", \"priceString\": \"24,99 \u20ac\", \"compareAtPrice\": 0.0, \"price\": 24.99, \"sale\":false, \"percentage\":\"\", \"priceCurrency\" : \"EUR\", \"url\" : \"https://shop.plantura.garden/products/sommerflieder-prince-charming-rot?variant=44373876408586\",\"isSet\":false}], \"handle\" : \"sommerflieder-prince-charming-rot\"}, { \"name\": \"Sommerflieder \\u0026#39;Royal Red\\u0026#39; Purpurrot\", \"unitPrice\" : \"\", \"compareAtPriceString\": \"\", \"priceString\": \"24,99 \u20ac\", \"compareAtPrice\": 0.0, \"price\": 24.99, \"sale\":false, \"percentage\":\"\", \"badge\": \"new\", \"url\": \"https://shop.plantura.garden/products/sommerflieder-royal-red-purpurrot\", \"available\": false, \"availabilityInfo\":\"\", \"campaignInfo\":\"pflanzen-draussen\",\"isSet\": false, \"priceLabel\": \"\", \"compareAtPriceLabel\": \"\",\"reviewsData\":{\"reviewCount\": 1, \"reviewAverageValue\": 5.0},\"image\": \"https://shop.plantura.garden/cdn/shop/files/sommerflieder-royal-red-kaufen_1476x.png?v=1692796258\",\"tags\": \"beefriendly,buddleja davidii,butterfly bush,drought tolerant,flowering shrubs,jeddeloh,live plants,outdoor,pflanzen,pot-discount,schmetterlingsflieder,schmetterlingsstrauch,sommerflieder\",\"bulletPoints\": [\"Purpurrote, duftende Bl\u00fctenrispen von Juli bis Oktober\",\"Nahrungsquelle f\u00fcr Schmetterlinge \\u0026 Bienen\",\"W\u00e4chst locker, aufrecht \u2013 liebt sonnige Pl\u00e4tze\\n\"],\"variants\" : [ {\"sku\": \"OP-BUDA-0270\",\"available\": false, \"compareAtPriceString\": \"\", \"priceString\": \"24,99 \u20ac\", \"compareAtPrice\": 0.0, \"price\": 24.99, \"sale\":false, \"percentage\":\"\", \"priceCurrency\" : \"EUR\", \"url\" : \"https://shop.plantura.garden/products/sommerflieder-royal-red-purpurrot?variant=44373877063946\",\"isSet\":false}], \"handle\" : \"sommerflieder-royal-red-purpurrot\"}, { \"name\": \"Sommerflieder \\u0026#39;Unique\\u0026#39;\u00ae Violettblau\", \"unitPrice\" : \"\", \"compareAtPriceString\": \"\", \"priceString\": \"24,99 \u20ac\", \"compareAtPrice\": 0.0, \"price\": 24.99, \"sale\":false, \"percentage\":\"\", \"badge\": \"new\", \"url\": \"https://shop.plantura.garden/products/sommerflieder-unique-violettblau\", \"available\": false, \"availabilityInfo\":\"\", \"campaignInfo\":\"pflanzen-draussen\",\"isSet\": false, \"priceLabel\": \"\", \"compareAtPriceLabel\": \"\",\"reviewsData\":{\"reviewCount\": 1, \"reviewAverageValue\": 5.0},\"image\": \"https://shop.plantura.garden/cdn/shop/files/sommerflieder-unique-kaufen_1378x.png?v=1692796099\",\"tags\": \"balcony,beefriendly,buddleja,butterfly bush,drought tolerant,flowering shrubs,jeddeloh,live plants,outdoor,pflanzen,pot-discount,schmetterlingsflieder,schmetterlingsstrauch,sommerflieder\",\"bulletPoints\": [\"Stark duftende, lila Bl\u00fctenpracht \\u0026 silbrig-gr\u00fcnes Laub\",\"Magnet f\u00fcr Bienen \\u0026 Schmetterlinge \u2013 auch auf Balkon \\u0026 Terrasse\",\"Sehr trockenheitsvertr\u00e4glich, winterfest \\u0026 kompakt wachsend\\n\"],\"variants\" : [ {\"sku\": \"OP-BUAL-0265\",\"available\": false, \"compareAtPriceString\": \"\", \"priceString\": \"24,99 \u20ac\", \"compareAtPrice\": 0.0, \"price\": 24.99, \"sale\":false, \"percentage\":\"\", \"priceCurrency\" : \"EUR\", \"url\" : \"https://shop.plantura.garden/products/sommerflieder-unique-violettblau?variant=44373860909322\",\"isSet\":false}], \"handle\" : \"sommerflieder-unique-violettblau\"}, { \"name\": \"Sonnenblumenkerne mit extra Vitaminen 5 kg\", \"unitPrice\" : \"Grundpreis: 4,00 \u20ac/kg\", \"compareAtPriceString\": \"\", \"priceString\": \"19,99 \u20ac\", \"compareAtPrice\": 0.0, \"price\": 19.99, \"sale\":false, \"percentage\":\"\", \"badge\": \"new\", \"url\": \"https://shop.plantura.garden/products/sonnenblumenkerne-voegel-5-kg\", \"available\": true, \"availabilityInfo\":\"Vor\u00fcbergehend nicht verf\u00fcgbar\", \"campaignInfo\":\"vogelfutter\",\"isSet\": false, \"priceLabel\": \"\", \"compareAtPriceLabel\": \"\",\"reviewsData\":{\"reviewCount\": 15, \"reviewAverageValue\": 5.0},\"image\": \"https://shop.plantura.garden/cdn/shop/files/plantura-sonnenblumenkerne-vogelfutter_1476x.png?v=1691652122\",\"tags\": \"birdfood,blaumeise,buchfink,category_vogelfutter,erlenzeisig,feldsperling,futter,futterspender,gartenvogel,gr\u00fcnfink,haussperling,Im Winter,vogel,vogelfutter,vogelhaus,wildvogel,wildvogelfutter,winterfutter,wintervogelfutter\",\"bulletPoints\": [\"Energiereiche Kerne mit extra Vitaminen \\u0026 Jod f\u00fcr eine gest\u00e4rkte Wildvogelpopulation\",\"Ideal zur Winterf\u00fctterung f\u00fcr alle K\u00f6rnerfresser wie Finken \\u0026 Meisen\",\"Ohne l\u00e4stige Schalen, Ambrosia kontrolliert \\u0026 plastikfrei verpackt\"],\"variants\" : [ {\"sku\": \"MO-PY4S-I381\",\"available\": true, \"compareAtPriceString\": \"\", \"priceString\": \"19,99 \u20ac\", \"compareAtPrice\": 0.0, \"price\": 19.99, \"sale\":false, \"percentage\":\"\", \"priceCurrency\" : \"EUR\", \"url\" : \"https://shop.plantura.garden/products/sonnenblumenkerne-voegel-5-kg?variant=33479590871128\",\"isSet\":false}], \"handle\" : \"sonnenblumenkerne-voegel-5-kg\"}, { \"name\": \"Spar-Set Trauerm\u00fcckenfrei Neem 75 ml \\u0026amp; Gelbtafeln 20 St\u00fcck\", \"unitPrice\" : \"\", \"compareAtPriceString\": \"27,48 \u20ac\", \"priceString\": \"23,66 \u20ac\", \"compareAtPrice\": 27.48, \"price\": 23.66, \"sale\":false, \"percentage\":\"14%\", \"badge\": \"new\", \"url\": \"https://shop.plantura.garden/products/set-trauermueckenfrei-neem-gelbtafeln\", \"available\": true, \"availabilityInfo\":\"\", \"campaignInfo\":\"pflanzenschutz\",\"isSet\": true, \"priceLabel\": \"Im Set\", \"compareAtPriceLabel\": \"Einzeln\",\"reviewsData\":{\"reviewCount\": 986, \"reviewAverageValue\": 4.7},\"image\": \"https://shop.plantura.garden/cdn/shop/products/set-trauermuecken-frei-neem-gelbtafeln-kaufen_1476x.jpg?v=1674665107\",\"tags\": \"\",\"bulletPoints\": [\"Die perfekte Kombination gegen Trauerm\u00fccken\",\"Gelbtafeln zur fr\u00fchzeitigen Befallserkennung sowie zum Monitoring\",\"Hochwirksame Bek\u00e4mpfung mit Trauerm\u00fcckenfrei Neem\"],\"variants\" : [ {\"sku\": \"BD-GETF-0001\",\"available\": true, \"compareAtPriceString\": \"27,48 \u20ac\", \"priceString\": \"23,66 \u20ac\", \"compareAtPrice\": 27.48, \"price\": 23.66, \"sale\":true, \"percentage\":\"14%\", \"priceCurrency\" : \"EUR\", \"url\" : \"https://shop.plantura.garden/products/set-trauermueckenfrei-neem-gelbtafeln?variant=44185131647242\",\"isSet\":true }], \"handle\" : \"set-trauermueckenfrei-neem-gelbtafeln\"}, { \"name\": \"Spiel- \\u0026amp; Sportrasen 2 kg\", \"unitPrice\" : \"Grundpreis: 15,00 \u20ac/kg\", \"compareAtPriceString\": \"\", \"priceString\": \"29,99 \u20ac\", \"compareAtPrice\": 0.0, \"price\": 29.99, \"sale\":false, \"percentage\":\"\", \"badge\": \"new\", \"url\": \"https://shop.plantura.garden/products/spiel-und-sportrasen-2-kg\", \"available\": true, \"availabilityInfo\":\"\", \"campaignInfo\":\"rasen\",\"isSet\": false, \"priceLabel\": \"\", \"compareAtPriceLabel\": \"\",\"reviewsData\":{\"reviewCount\": 22, \"reviewAverageValue\": 4.8},\"image\": \"https://shop.plantura.garden/cdn/shop/files/spiel-und-sportrasen-plantura_1476x.png?v=1691651140\",\"tags\": \"aussaat,boden,category_saatgut,gebrauchsrasen,grassamen,green-week-22,grow lawn,gr\u00e4ser,hausgarten,kinder,lawn seeds,Neuanlage,Rasen,rasenrelevant,rasensaat,rasensamen,rsm,saatgut,samen,spielrasen,sport und spielrasen,sportrasen,streuwagen,wiese\",\"bulletPoints\": [\"F\u00fcr einen besonders robusten \\u0026 strapazierf\u00e4higen Rasen\",\"Regenerationsf\u00e4hige Rasensamen f\u00fcr eine dichte Grasnarbe\",\"Hochwertige Premium-Mischung aus RSM \\/ gepr\u00fcften Rasensorten\"],\"variants\" : [ {\"sku\": \"AI-SGBF-1GTN\",\"available\": true, \"compareAtPriceString\": \"\", \"priceString\": \"29,99 \u20ac\", \"compareAtPrice\": 0.0, \"price\": 29.99, \"sale\":false, \"percentage\":\"\", \"priceCurrency\" : \"EUR\", \"url\" : \"https://shop.plantura.garden/products/spiel-und-sportrasen-2-kg?variant=33327584280664\",\"isSet\":false}, {\"sku\": \"3W-M29D-8ND0\",\"available\": true, \"compareAtPriceString\": \"59,98 \u20ac\", \"priceString\": \"56,99 \u20ac\", \"compareAtPrice\": 59.98, \"price\": 56.99, \"sale\":true, \"percentage\":\"5%\", \"priceCurrency\" : \"EUR\", \"url\" : \"https://shop.plantura.garden/products/spiel-und-sportrasen-2-kg?variant=33327584313432\",\"isSet\":true }, {\"sku\": \"3H-7XLV-13DS\",\"available\": true, \"compareAtPriceString\": \"149,95 \u20ac\", \"priceString\": \"138,99 \u20ac\", \"compareAtPrice\": 149.95, \"price\": 138.99, \"sale\":true, \"percentage\":\"7%\", \"priceCurrency\" : \"EUR\", \"url\" : \"https://shop.plantura.garden/products/spiel-und-sportrasen-2-kg?variant=33327584346200\",\"isSet\":true }], \"handle\" : \"spiel-und-sportrasen-2-kg\"}, { \"name\": \"Stachelschweingras \\u0026#39;Strictus\\u0026#39;\", \"unitPrice\" : \"\", \"compareAtPriceString\": \"\", \"priceString\": \"24,99 \u20ac\", \"compareAtPrice\": 0.0, \"price\": 24.99, \"sale\":false, \"percentage\":\"\", \"badge\": \"new\", \"url\": \"https://shop.plantura.garden/products/stachelschweingras-strictus\", \"available\": false, \"availabilityInfo\":\"\", \"campaignInfo\":\"pflanzen-draussen\",\"isSet\": false, \"priceLabel\": \"\", \"compareAtPriceLabel\": \"\",\"reviewsData\":{\"reviewCount\": 0, \"reviewAverageValue\": 0.0},\"image\": \"https://shop.plantura.garden/cdn/shop/files/stachelschweingras-strictus-kaufen_1476x.png?v=1691764977\",\"tags\": \"asia,chinaschilf,jeddeloh,live plants,miscanthus,miscanthus sinensis,ornamental grasses,outdoor,pflanzen,pot-discount,zebraschilf\",\"bulletPoints\": [\"Dekoratives Ziergras mit gr\u00fcn-gelb gestreiften Halmen \\u0026 rotbraunen Wedeln\",\"Winterhart \\u0026 horstbildend: Ideal f\u00fcr Beet oder K\u00fcbel auf Terrasse \\u0026 Balkon\",\"Straff aufrechter Wuchs \u2013 liebt sonnige bis halbschattige Standorte\\n\"],\"variants\" : [ {\"sku\": \"OP-MISI-0118\",\"available\": false, \"compareAtPriceString\": \"\", \"priceString\": \"24,99 \u20ac\", \"compareAtPrice\": 0.0, \"price\": 24.99, \"sale\":false, \"percentage\":\"\", \"priceCurrency\" : \"EUR\", \"url\" : \"https://shop.plantura.garden/products/stachelschweingras-strictus?variant=44373904064778\",\"isSet\":false}], \"handle\" : \"stachelschweingras-strictus\"}, { \"name\": \"Stadtgarten Starter-Set\", \"unitPrice\" : \"\", \"compareAtPriceString\": \"45,96 \u20ac\", \"priceString\": \"38,99 \u20ac\", \"compareAtPrice\": 45.96, \"price\": 38.99, \"sale\":false, \"percentage\":\"15%\", \"badge\": \"angebot\", \"url\": \"https://shop.plantura.garden/products/stadtgarten-starter-set\", \"available\": true, \"availabilityInfo\":\"\", \"campaignInfo\":\"sparset-mix\",\"isSet\": true, \"priceLabel\": \"Im Set\", \"compareAtPriceLabel\": \"Einzeln\",\"reviewsData\":{\"reviewCount\": 2, \"reviewAverageValue\": 4.5},\"image\": \"https://shop.plantura.garden/cdn/shop/products/stadtgarten-starter-set-kaufen_804f2235-7aad-4bec-8198-a613ca3d9f6a_1476x.png?v=1680525861\",\"tags\": \"angebot,aov bundle,bundle,fertilizer,grow herbs,grow vegetables,liquid fertilizer,seed sets,set,soils\",\"bulletPoints\": [\"Verwandeln Sie Ihren Stadtgarten oder -balkon in eine gr\u00fcne Oase\",\"Starter-Set f\u00fcr leckere Tomaten \\u0026 Kr\u00e4uter aus eigenem Anbau\",\"Bio-Saatgut, torffreie Erde \\u0026 organischer Bio-Fl\u00fcssigd\u00fcnger\"],\"variants\" : [ {\"sku\": \"BD-STGA-0002\",\"available\": true, \"compareAtPriceString\": \"45,96 \u20ac\", \"priceString\": \"38,99 \u20ac\", \"compareAtPrice\": 45.96, \"price\": 38.99, \"sale\":true, \"percentage\":\"15%\", \"priceCurrency\" : \"EUR\", \"url\" : \"https://shop.plantura.garden/products/stadtgarten-starter-set?variant=44478973935882\",\"isSet\":true }], \"handle\" : \"stadtgarten-starter-set\"}, { \"name\": \"Sternjasmin Wei\u00df\", \"unitPrice\" : \"\", \"compareAtPriceString\": \"\", \"priceString\": \"39,99 \u20ac\", \"compareAtPrice\": 0.0, \"price\": 39.99, \"sale\":false, \"percentage\":\"\", \"badge\": \"angebot\", \"url\": \"https://shop.plantura.garden/products/sternjasmin-weiss\", \"available\": true, \"availabilityInfo\":\"\", \"campaignInfo\":\"pflanzen-draussen\",\"isSet\": false, \"priceLabel\": \"\", \"compareAtPriceLabel\": \"\",\"reviewsData\":{\"reviewCount\": 4, \"reviewAverageValue\": 5.0},\"image\": \"https://shop.plantura.garden/cdn/shop/files/sternjasmin-weiss-kaufen_1476x.png?v=1692799397\",\"tags\": \"balcony,beefriendly,climbing plant,drought tolerant,evergreen,flowering shrubs,jasmin,kletterpflanze,kletterpflanzen,live plants,outdoor,pflanzen,pot-discount,reiners,trachelospermum,trachelospermum jasminoides\",\"bulletPoints\": [\"Immergr\u00fcner Kletterk\u00fcnstler f\u00fcr den Topf oder Wintergarten\",\"Himmlisch duftende Sternbl\u00fcten mit zarter Vanillenote\",\"Mediterranes Flair f\u00fcr Garten, Terrasse \\u0026 Balkon\\n\"],\"variants\" : [ {\"sku\": \"OP-TRJA-0467\",\"available\": true, \"compareAtPriceString\": \"\", \"priceString\": \"39,99 \u20ac\", \"compareAtPrice\": 0.0, \"price\": 39.99, \"sale\":false, \"percentage\":\"\", \"priceCurrency\" : \"EUR\", \"url\" : \"https://shop.plantura.garden/products/sternjasmin-weiss?variant=44601858294026\",\"isSet\":false}], \"handle\" : \"sternjasmin-weiss\"}, { \"name\": \"Strahlenaralie \\u0026#39;Nora\\u0026#39;\", \"unitPrice\" : \"\", \"compareAtPriceString\": \"\", \"priceString\": \"36,99 \u20ac\", \"compareAtPrice\": 0.0, \"price\": 36.99, \"sale\":false, \"percentage\":\"\", \"badge\": \"angebot\", \"url\": \"https://shop.plantura.garden/products/strahlenaralie-nora-schefflera-arboricola\", \"available\": true, \"availabilityInfo\":\"\", \"campaignInfo\":\"zimmerpflanzen\",\"isSet\": false, \"priceLabel\": \"\", \"compareAtPriceLabel\": \"\",\"reviewsData\":{\"reviewCount\": 1, \"reviewAverageValue\": 5.0},\"image\": \"https://shop.plantura.garden/cdn/shop/files/plantura-strahlenaralie-nora-kaufen_1476x.png?v=1693466149\",\"tags\": \"eflora,gr\u00fcnpflanzen,indoor,kleine strahlenaralie,limited-quantity,live plants,luftreinigend,pflanzen,pflegeleicht,pot-discount,schefflera\",\"bulletPoints\": [\"Handf\u00f6rmige Bl\u00e4tter \\u0026 dekorativ geflochtener Stamm\",\"Luftreinigende Mitbewohnerin \u2013 pflegeleicht \\u0026 einsteigerfreundlich\",\"F\u00fcr jeden Raum geeignet: Vertr\u00e4gt Schatten \\u0026 direkte Sonne\"],\"variants\" : [ {\"sku\": \"IP-SCAR-0035\",\"available\": true, \"compareAtPriceString\": \"\", \"priceString\": \"36,99 \u20ac\", \"compareAtPrice\": 0.0, \"price\": 36.99, \"sale\":false, \"percentage\":\"\", \"priceCurrency\" : \"EUR\", \"url\" : \"https://shop.plantura.garden/products/strahlenaralie-nora-schefflera-arboricola?variant=44678638600458\",\"isSet\":false}], \"handle\" : \"strahlenaralie-nora-schefflera-arboricola\"}, { \"name\": \"Strauchrose Knock Out\u00ae \\u0026#39;Rosa\\u0026#39;\", \"unitPrice\" : \"\", \"compareAtPriceString\": \"\", \"priceString\": \"26,99 \u20ac\", \"compareAtPrice\": 0.0, \"price\": 26.99, \"sale\":false, \"percentage\":\"\", \"badge\": \"angebot\", \"url\": \"https://shop.plantura.garden/products/strauchrose-knock-out-rosa\", \"available\": false, \"availabilityInfo\":\"\", \"campaignInfo\":\"pflanzen-draussen\",\"isSet\": false, \"priceLabel\": \"\", \"compareAtPriceLabel\": \"\",\"reviewsData\":{\"reviewCount\": 4, \"reviewAverageValue\": 5.0},\"image\": \"https://shop.plantura.garden/cdn/shop/files/strauchrose-knock-out-rosa-kaufen_1378x.png?v=1692799026\",\"tags\": \"balcony,beefriendly,beetrose,drought tolerant,edelrose,flowering shrubs,jeddeloh,knock out rose,live plants,outdoor,pflanzen,pot-discount,rose\",\"bulletPoints\": [\"Zahlreiche locker gef\u00fcllte Bl\u00fcten in einem wundersch\u00f6nen Rosa\",\"Extrem lange Bl\u00fctezeit vom Fr\u00fchling bis zum ersten Frost\",\"Sehr robuste \\u0026 krankheitsresistente Pflanze\"],\"variants\" : [ {\"sku\": \"OP-ROKN-0284\",\"available\": false, \"compareAtPriceString\": \"\", \"priceString\": \"26,99 \u20ac\", \"compareAtPrice\": 0.0, \"price\": 26.99, \"sale\":false, \"percentage\":\"\", \"priceCurrency\" : \"EUR\", \"url\" : \"https://shop.plantura.garden/products/strauchrose-knock-out-rosa?variant=44373911568650\",\"isSet\":false}], \"handle\" : \"strauchrose-knock-out-rosa\"}, { \"name\": \"Streufutter mit hochwertigen Fetten 5 kg\", \"unitPrice\" : \"Grundpreis: 5,40 \u20ac/kg\", \"compareAtPriceString\": \"\", \"priceString\": \"26,99 \u20ac\", \"compareAtPrice\": 0.0, \"price\": 26.99, \"sale\":false, \"percentage\":\"\", \"badge\": \"angebot\", \"url\": \"https://shop.plantura.garden/products/streufutter-voegel-5-kg\", \"available\": true, \"availabilityInfo\":\"\", \"campaignInfo\":\"vogelfutter\",\"isSet\": false, \"priceLabel\": \"\", \"compareAtPriceLabel\": \"\",\"reviewsData\":{\"reviewCount\": 57, \"reviewAverageValue\": 4.9},\"image\": \"https://shop.plantura.garden/cdn/shop/files/plantura-streufutter-fuer-voegel_1476x.png?v=1691651927\",\"tags\": \"amsel,birdfood,blaumeise,buchfink,buntspecht,category_vogelfutter,eichelh\u00e4her,erdn\u00fcsse,fettfutter,futter,futterspender,gartenvogel,gr\u00fcnfink,Im Winter,kernbei\u00dfer,star,vogel,vogelfutter,vogelhaus,wildvogel,wildvogelfutter,winterfutter,wintervogelfutter,zaunk\u00f6nig\",\"bulletPoints\": [\"Hochwertige \\u0026 energiereiche Mischung f\u00fcr eine gest\u00e4rkte Wildvogelpopulation\",\"Ideal zur Winterf\u00fctterung f\u00fcr eine Vielzahl von Gartenv\u00f6geln\",\"Ohne l\u00e4stige Schalen, Ambrosia kontrolliert \\u0026 plastikfrei verpackt\"],\"variants\" : [ {\"sku\": \"XZ-H39Q-TDDC\",\"available\": true, \"compareAtPriceString\": \"\", \"priceString\": \"26,99 \u20ac\", \"compareAtPrice\": 0.0, \"price\": 26.99, \"sale\":false, \"percentage\":\"\", \"priceCurrency\" : \"EUR\", \"url\" : \"https://shop.plantura.garden/products/streufutter-voegel-5-kg?variant=33479576191064\",\"isSet\":false}], \"handle\" : \"streufutter-voegel-5-kg\"}, { \"name\": \"Sukkulente Zimmerpflanzen (4er Set)\", \"unitPrice\" : \"\", \"compareAtPriceString\": \"85,96 \u20ac\", \"priceString\": \"69,99 \u20ac\", \"compareAtPrice\": 85.96, \"price\": 69.99, \"sale\":false, \"percentage\":\"19%\", \"badge\": \"angebot\", \"url\": \"https://shop.plantura.garden/products/sukkulente-zimmerpflanzen-4er-set\", \"available\": true, \"availabilityInfo\":\"\", \"campaignInfo\":\"zimmerpflanzen\",\"isSet\": true, \"priceLabel\": \"Im Set\", \"compareAtPriceLabel\": \"Einzeln\",\"reviewsData\":{\"reviewCount\": 0, \"reviewAverageValue\": 0.0},\"image\": \"https://shop.plantura.garden/cdn/shop/files/plantura-sukkulente-zimmerpflanzen-set-kaufen_1476x.png?v=1693465231\",\"tags\": \"angebot,bundle,eflora,gr\u00fcnpflanzen,indoor,limited-quantity,live plants,pflanzen,pflanzenset,pflegeleicht,pot-discount,set,sukkulenten f\u00fcr drinnen,sukkulenten zimmerpflanzen\",\"bulletPoints\": [\"Dekorative Sukkulenten f\u00fcr ein gr\u00fcnes Zuhause\",\"Gen\u00fcgsam \\u0026 pflegeleicht: Ben\u00f6tigen nur wenig Wasser\",\"Set mit Aloe Vera, Erbsenpflanze, Geldbaum \\u0026 Senecio\"],\"variants\" : [ {\"sku\": \"IB-SUKU-0010\",\"available\": true, \"compareAtPriceString\": \"85,96 \u20ac\", \"priceString\": \"69,99 \u20ac\", \"compareAtPrice\": 85.96, \"price\": 69.99, \"sale\":true, \"percentage\":\"19%\", \"priceCurrency\" : \"EUR\", \"url\" : \"https://shop.plantura.garden/products/sukkulente-zimmerpflanzen-4er-set?variant=44678623035658\",\"isSet\":true }], \"handle\" : \"sukkulente-zimmerpflanzen-4er-set\"}, { \"name\": \"Tellerhortensie \\u0026#39;Magic Pillow\\u0026#39;\u00ae Rosa\", \"unitPrice\" : \"\", \"compareAtPriceString\": \"\", \"priceString\": \"29,99 \u20ac\", \"compareAtPrice\": 0.0, \"price\": 29.99, \"sale\":false, \"percentage\":\"\", \"badge\": \"angebot\", \"url\": \"https://shop.plantura.garden/products/tellerhortensie-magic-pillow-rosa\", \"available\": false, \"availabilityInfo\":\"\", \"campaignInfo\":\"pflanzen-draussen\",\"isSet\": false, \"priceLabel\": \"\", \"compareAtPriceLabel\": \"\",\"reviewsData\":{\"reviewCount\": 2, \"reviewAverageValue\": 5.0},\"image\": \"https://shop.plantura.garden/cdn/shop/files/tellerhortensie-magic-pillow-kaufen_b37c87f0-5409-4264-a783-18faea051209_1280x.png?v=1691764407\",\"tags\": \"berghortensie,flowering shrubs,gartenhortensie,hortensie,hydrangea,hydrangea serrata,jeddeloh,live plants,outdoor,pflanzen,pot-discount,tellerhortensie\",\"bulletPoints\": [\"Spektakul\u00e4rer Farbwechsel der Bl\u00fcte von Hellrosa zu Dunkellila\",\"Lange Bl\u00fctezeit von Juni bis in den Oktober\\n\",\"W\u00e4chst kompakt-aufrecht: Ideal f\u00fcr Beet \\u0026 Topf\\n\"],\"variants\" : [ {\"sku\": \"OP-HYSE-0280\",\"available\": false, \"compareAtPriceString\": \"\", \"priceString\": \"29,99 \u20ac\", \"compareAtPrice\": 0.0, \"price\": 29.99, \"sale\":false, \"percentage\":\"\", \"priceCurrency\" : \"EUR\", \"url\" : \"https://shop.plantura.garden/products/tellerhortensie-magic-pillow-rosa?variant=44373897412874\",\"isSet\":false}], \"handle\" : \"tellerhortensie-magic-pillow-rosa\"}, { \"name\": \"Tellerhortensie \\u0026#39;Veerle\\u0026#39;\u00ae Lilablau\", \"unitPrice\" : \"\", \"compareAtPriceString\": \"\", \"priceString\": \"29,99 \u20ac\", \"compareAtPrice\": 0.0, \"price\": 29.99, \"sale\":false, \"percentage\":\"\", \"badge\": \"angebot\", \"url\": \"https://shop.plantura.garden/products/tellerhortensie-veerle-lilablau\", \"available\": false, \"availabilityInfo\":\"\", \"campaignInfo\":\"pflanzen-draussen\",\"isSet\": false, \"priceLabel\": \"\", \"compareAtPriceLabel\": \"\",\"reviewsData\":{\"reviewCount\": 0, \"reviewAverageValue\": 0.0},\"image\": \"https://shop.plantura.garden/cdn/shop/files/tellerhortensie-veerle-kaufen_1181x.png?v=1692797114\",\"tags\": \"berghortensie,flowering shrubs,gartenhortensie,hortensie,hydrangea,hydrangea serrata,jeddeloh,live plants,outdoor,pflanzen,pot-discount,tellerhortensie\",\"bulletPoints\": [\"Tellerf\u00f6rmige, lila-blaue Bl\u00fcten mit langer Bl\u00fctezeit\\n\",\"W\u00e4chst kompakt-rund: Ideal f\u00fcr Beet \\u0026 Topf\\n\",\"Pflegeleicht \\u0026 frosthart \u2013 ideal f\u00fcr Einsteiger\\n\"],\"variants\" : [ {\"sku\": \"OP-HYSE-0281\",\"available\": false, \"compareAtPriceString\": \"\", \"priceString\": \"29,99 \u20ac\", \"compareAtPrice\": 0.0, \"price\": 29.99, \"sale\":false, \"percentage\":\"\", \"priceCurrency\" : \"EUR\", \"url\" : \"https://shop.plantura.garden/products/tellerhortensie-veerle-lilablau?variant=44373897543946\",\"isSet\":false}], \"handle\" : \"tellerhortensie-veerle-lilablau\"}, { \"name\": \"Tellerhortensie Endless Summer\u00ae \\u0026#39;Pop Star\\u0026#39;\u00ae Rosa\", \"unitPrice\" : \"\", \"compareAtPriceString\": \"\", \"priceString\": \"36,99 \u20ac\", \"compareAtPrice\": 0.0, \"price\": 36.99, \"sale\":false, \"percentage\":\"\", \"badge\": \"angebot\", \"url\": \"https://shop.plantura.garden/products/tellerhortensie-endless-summer-pop-star-rosa\", \"available\": false, \"availabilityInfo\":\"\", \"campaignInfo\":\"pflanzen-draussen\",\"isSet\": false, \"priceLabel\": \"\", \"compareAtPriceLabel\": \"\",\"reviewsData\":{\"reviewCount\": 1, \"reviewAverageValue\": 5.0},\"image\": \"https://shop.plantura.garden/cdn/shop/files/tellerhortensie-endless-summer-pop-star-rosa-kaufen_1476x.png?v=1692796905\",\"tags\": \"balcony,beefriendly,berghortensie,flowering shrubs,gartenhortensie,hortensie,hydrangea,jeddeloh,live plants,muttertag,outdoor,pflanzen,pot-discount,tellerhortensie\",\"bulletPoints\": [\"Neuheit: Die erste mehrfach bl\u00fchende Tellerhortensie\\n\",\"Endlose Bl\u00fctenpracht \u2013 durchgehend von Mai bis November\\n\",\"Bienenfreundlich, pflegeleicht \\u0026 winterhart\\n\"],\"variants\" : [ {\"sku\": \"OP-HYMA-0278\",\"available\": false, \"compareAtPriceString\": \"\", \"priceString\": \"36,99 \u20ac\", \"compareAtPrice\": 0.0, \"price\": 36.99, \"sale\":false, \"percentage\":\"\", \"priceCurrency\" : \"EUR\", \"url\" : \"https://shop.plantura.garden/products/tellerhortensie-endless-summer-pop-star-rosa?variant=44373893480714\",\"isSet\":false}, {\"sku\": \"OP-HYMA-0429\",\"available\": false, \"compareAtPriceString\": \"\", \"priceString\": \"75,99 \u20ac\", \"compareAtPrice\": 0.0, \"price\": 75.99, \"sale\":false, \"percentage\":\"\", \"priceCurrency\" : \"EUR\", \"url\" : \"https://shop.plantura.garden/products/tellerhortensie-endless-summer-pop-star-rosa?variant=44498342805770\",\"isSet\":false}], \"handle\" : \"tellerhortensie-endless-summer-pop-star-rosa\"}, { \"name\": \"Tillandsien mit Halter (2 Stk.)\", \"unitPrice\" : \"\", \"compareAtPriceString\": \"\", \"priceString\": \"19,99 \u20ac\", \"compareAtPrice\": 0.0, \"price\": 19.99, \"sale\":false, \"percentage\":\"\", \"badge\": \"angebot\", \"url\": \"https://shop.plantura.garden/products/tillandsien-mit-halter\", \"available\": true, \"availabilityInfo\":\"\", \"campaignInfo\":\"geschenke\",\"isSet\": false, \"priceLabel\": \"\", \"compareAtPriceLabel\": \"\",\"reviewsData\":{\"reviewCount\": 6, \"reviewAverageValue\": 4.5},\"image\": \"https://shop.plantura.garden/cdn/shop/products/luftpflanzen-tillandsien-halter-kaufen_1476x.png?v=1669804428\",\"tags\": \"eflora,indoor,live plants,plant gifts\",\"bulletPoints\": [\"Dekorative Luftpflanzen auf einem hochwertigen Halter aus Holz \\u0026 Metall\",\"Extrem pflegeleicht \\u0026 perfekt f\u00fcr Einsteiger geeignet\",\"Kreative Geschenkidee \u2013 Lieferung direkt in den Briefkasten\"],\"variants\" : [ {\"sku\": \"GI-TILL-0007\",\"available\": true, \"compareAtPriceString\": \"\", \"priceString\": \"19,99 \u20ac\", \"compareAtPrice\": 0.0, \"price\": 19.99, \"sale\":false, \"percentage\":\"\", \"priceCurrency\" : \"EUR\", \"url\" : \"https://shop.plantura.garden/products/tillandsien-mit-halter?variant=43885124747530\",\"isSet\":false}], \"handle\" : \"tillandsien-mit-halter\"}, { \"name\": \"Traubenheide \\u0026#39;Little Flames\u00ae\\u0026#39;\", \"unitPrice\" : \"\", \"compareAtPriceString\": \"\", \"priceString\": \"34,99 \u20ac\", \"compareAtPrice\": 0.0, \"price\": 34.99, \"sale\":false, \"percentage\":\"\", \"badge\": \"angebot\", \"url\": \"https://shop.plantura.garden/products/traubenheide-little-flames\", \"available\": true, \"availabilityInfo\":\"\", \"campaignInfo\":\"pflanzen-draussen\",\"isSet\": false, \"priceLabel\": \"\", \"compareAtPriceLabel\": \"\",\"reviewsData\":{\"reviewCount\": 2, \"reviewAverageValue\": 5.0},\"image\": \"https://shop.plantura.garden/cdn/shop/files/traubenheide-little-flames_1230x.png?v=1692797222\",\"tags\": \"balcony,deciduous shrubs,dog hobble,flowering shrubs,heidekraut,jeddeloh,leucothoe,leucothoe fontanaesiana,live plants,outdoor,pflanzen,pot-discount\",\"bulletPoints\": [\"Immergr\u00fcner Kleinstrauch mit rotem Laub \\u0026 wei\u00dfen, duftenden Bl\u00fcten\",\"Dekorative Kugel-Form \u2013 ideal f\u00fcr Beet \\u0026 Topf\",\"Steht gerne halbschattig auf n\u00e4hrstoffreichem Boden\"],\"variants\" : [ {\"sku\": \"OP-LEFO-0036\",\"available\": true, \"compareAtPriceString\": \"\", \"priceString\": \"34,99 \u20ac\", \"compareAtPrice\": 0.0, \"price\": 34.99, \"sale\":false, \"percentage\":\"\", \"priceCurrency\" : \"EUR\", \"url\" : \"https://shop.plantura.garden/products/traubenheide-little-flames?variant=43655004061962\",\"isSet\":false}], \"handle\" : \"traubenheide-little-flames\"}, { \"name\": \"Trauerm\u00fcckenfrei Neem 75 ml\", \"unitPrice\" : \"Grundpreis: 239,87 \u20ac/l\", \"compareAtPriceString\": \"\", \"priceString\": \"17,99 \u20ac\", \"compareAtPrice\": 0.0, \"price\": 17.99, \"sale\":false, \"percentage\":\"\", \"badge\": \"angebot\", \"url\": \"https://shop.plantura.garden/products/trauermueckenfrei-neem-75-ml\", \"available\": true, \"availabilityInfo\":\"\", \"campaignInfo\":\"pflanzenschutz\",\"isSet\": false, \"priceLabel\": \"\", \"compareAtPriceLabel\": \"\",\"reviewsData\":{\"reviewCount\": 630, \"reviewAverageValue\": 4.7},\"image\": \"https://shop.plantura.garden/cdn/shop/files/bio-trauermueckenfrei-mittel-gegen-trauermuecken-plantura_1476x.png?v=1691135949\",\"tags\": \"category_n\u00fctzlinge-&-pflanzenschutz,fight fungus gnats,grow houseplants,m\u00fccken,neem \u00f6l,neem\u00f6l,niem,niem\u00f6l,pesticides,schwarze fliegen,trauerfliege,trauerfliegen,trauermahlen,trauerm\u00fccke,Trauerm\u00fccken\",\"bulletPoints\": [\"Hochwirksames \\u0026 zuverl\u00e4ssiges Mittel gegen Trauerm\u00fccken\",\"Nat\u00fcrlicher Wirkstoff, gewonnen aus den Samen des Neembaums, nicht bienengef\u00e4hrlich (B4) sowie n\u00fctzlingsschonend\",\"Enth\u00e4lt exklusiven Online-Kurs mit genauer Anwendung \\u0026 Tipps\"],\"variants\" : [ {\"sku\": \"LB-YLLW-8963\",\"available\": true, \"compareAtPriceString\": \"\", \"priceString\": \"17,99 \u20ac\", \"compareAtPrice\": 0.0, \"price\": 17.99, \"sale\":false, \"percentage\":\"\", \"priceCurrency\" : \"EUR\", \"url\" : \"https://shop.plantura.garden/products/trauermueckenfrei-neem-75-ml?variant=33327595520088\",\"isSet\":false}, {\"sku\": \"K6-ZOWS-WS1U\",\"available\": true, \"compareAtPriceString\": \"35,98 \u20ac\", \"priceString\": \"34,99 \u20ac\", \"compareAtPrice\": 35.98, \"price\": 34.99, \"sale\":true, \"percentage\":\"3%\", \"priceCurrency\" : \"EUR\", \"url\" : \"https://shop.plantura.garden/products/trauermueckenfrei-neem-75-ml?variant=33327595552856\",\"isSet\":true }, {\"sku\": \"K1-ILYB-HTQM\",\"available\": true, \"compareAtPriceString\": \"71,96 \u20ac\", \"priceString\": \"66,99 \u20ac\", \"compareAtPrice\": 71.96, \"price\": 66.99, \"sale\":true, \"percentage\":\"7%\", \"priceCurrency\" : \"EUR\", \"url\" : \"https://shop.plantura.garden/products/trauermueckenfrei-neem-75-ml?variant=33327595585624\",\"isSet\":true }, {\"sku\": \"GL-S04V-Y2G9\",\"available\": true, \"compareAtPriceString\": \"179,90 \u20ac\", \"priceString\": \"161,99 \u20ac\", \"compareAtPrice\": 179.9, \"price\": 161.99, \"sale\":true, \"percentage\":\"10%\", \"priceCurrency\" : \"EUR\", \"url\" : \"https://shop.plantura.garden/products/trauermueckenfrei-neem-75-ml?variant=33327595618392\",\"isSet\":true }], \"handle\" : \"trauermueckenfrei-neem-75-ml\"}, { \"name\": \"Trockenheitsvertr\u00e4gliche Str\u00e4ucher Bienenfreunde (4er Set)\", \"unitPrice\" : \"\", \"compareAtPriceString\": \"99,96 \u20ac\", \"priceString\": \"89,99 \u20ac\", \"compareAtPrice\": 99.96, \"price\": 89.99, \"sale\":true, \"percentage\":\"10%\", \"badge\": \"angebot\", \"url\": \"https://shop.plantura.garden/products/trockenheitsvertraegliche-straeucher-bienenfreunde-4er-set\", \"available\": false, \"availabilityInfo\":\"\", \"campaignInfo\":\"pflanzen-draussen\",\"isSet\": true, \"priceLabel\": \"Im Set\", \"compareAtPriceLabel\": \"Einzeln\",\"reviewsData\":{\"reviewCount\": 1, \"reviewAverageValue\": 5.0},\"image\": \"https://shop.plantura.garden/cdn/shop/files/set-straeucher-fuer-trockenen-boden-bienenfreunde-kaufen_1132x.png?v=1691762380\",\"tags\": \"angebot,beefriendly,bundle,butterfly bush,deciduous shrubs,drought tolerant,flowering shrubs,jeddeloh,live plants,outdoor,pflanzen,pflanzen f\u00fcr sandigen boden,pflanzen f\u00fcr trockene b\u00f6den,pflanzen f\u00fcr trockene standorte,pot-discount,set,stauden f\u00fcr trockene standorte,str\u00e4ucher f\u00fcr trockene b\u00f6den,trockenheitsvertr\u00e4gliche pflanzen,trockenheitsvertr\u00e4gliche stauden\",\"bulletPoints\": [\"4 reichbl\u00fchende Str\u00e4ucher f\u00fcr trockene Standorte\",\"Insekten- \\u0026 bienenfreundliche Sommerfliedersorten\",\"Ideal f\u00fcr kleine G\u00e4rten oder Balkon \\u0026 Terrasse\"],\"variants\" : [ {\"sku\": \"OB-BUAL-0004\",\"available\": false, \"compareAtPriceString\": \"99,96 \u20ac\", \"priceString\": \"89,99 \u20ac\", \"compareAtPrice\": 99.96, \"price\": 89.99, \"sale\":true, \"percentage\":\"10%\", \"priceCurrency\" : \"EUR\", \"url\" : \"https://shop.plantura.garden/products/trockenheitsvertraegliche-straeucher-bienenfreunde-4er-set?variant=44373837152522\",\"isSet\":true }], \"handle\" : \"trockenheitsvertraegliche-straeucher-bienenfreunde-4er-set\"}, { \"name\": \"Trockenheitsvertr\u00e4gliche Str\u00e4ucher Frisches Gr\u00fcn (4er Set)\", \"unitPrice\" : \"\", \"compareAtPriceString\": \"93,96 \u20ac\", \"priceString\": \"84,99 \u20ac\", \"compareAtPrice\": 93.96, \"price\": 84.99, \"sale\":true, \"percentage\":\"10%\", \"badge\": \"angebot\", \"url\": \"https://shop.plantura.garden/products/trockenheitsvertraegliche-straeucher-frisches-gruen-4er-set\", \"available\": false, \"availabilityInfo\":\"\", \"campaignInfo\":\"pflanzen-draussen\",\"isSet\": true, \"priceLabel\": \"Im Set\", \"compareAtPriceLabel\": \"Einzeln\",\"reviewsData\":{\"reviewCount\": 1, \"reviewAverageValue\": 5.0},\"image\": \"https://shop.plantura.garden/cdn/shop/files/set-straeucher-fuer-trockenen-boden-frischgruen-kaufen_1132x.png?v=1691762363\",\"tags\": \"angebot,barberry,bundle,deciduous shrubs,drought tolerant,five finger shrub,flowering shrubs,foliage,jeddeloh,live plants,outdoor,pflanzen,pflanzen f\u00fcr sandigen boden,pflanzen f\u00fcr trockene b\u00f6den,pflanzen f\u00fcr trockene standorte,pot-discount,set,stauden f\u00fcr trockene standorte,str\u00e4ucher f\u00fcr trockene b\u00f6den,trockenheitsvertr\u00e4gliche pflanzen,trockenheitsvertr\u00e4gliche stauden\",\"bulletPoints\": [\"Perfekte Kombination f\u00fcr trockene B\u00f6den\",\"Orangebl\u00fchende Potentillas \\u0026 frisch-gelbgr\u00fcne Berberitzen\",\"Ideal f\u00fcr kleine G\u00e4rten, den K\u00fcbel \\u0026 als Beetumrandung\"],\"variants\" : [ {\"sku\": \"OB-BETH-0005\",\"available\": false, \"compareAtPriceString\": \"93,96 \u20ac\", \"priceString\": \"84,99 \u20ac\", \"compareAtPrice\": 93.96, \"price\": 84.99, \"sale\":true, \"percentage\":\"10%\", \"priceCurrency\" : \"EUR\", \"url\" : \"https://shop.plantura.garden/products/trockenheitsvertraegliche-straeucher-frisches-gruen-4er-set?variant=44373836759306\",\"isSet\":true }], \"handle\" : \"trockenheitsvertraegliche-straeucher-frisches-gruen-4er-set\"}, { \"name\": \"Trockenheitsvertr\u00e4gliche Str\u00e4ucher Romantisch-elegant (4er Set)\", \"unitPrice\" : \"\", \"compareAtPriceString\": \"113,96 \u20ac\", \"priceString\": \"99,99 \u20ac\", \"compareAtPrice\": 113.96, \"price\": 99.99, \"sale\":true, \"percentage\":\"12%\", \"badge\": \"angebot\", \"url\": \"https://shop.plantura.garden/products/trockenheitsvertraegliche-straeucher-romantisch-elegant-4er-set\", \"available\": false, \"availabilityInfo\":\"\", \"campaignInfo\":\"pflanzen-draussen\",\"isSet\": true, \"priceLabel\": \"Im Set\", \"compareAtPriceLabel\": \"Einzeln\",\"reviewsData\":{\"reviewCount\": 7, \"reviewAverageValue\": 5.0},\"image\": \"https://shop.plantura.garden/cdn/shop/files/set-straeucher-fuer-trockenen-boden-kaufen_1132x.png?v=1691762517\",\"tags\": \"angebot,beefriendly,bundle,deciduous shrubs,drought tolerant,flowering shrubs,jeddeloh,live plants,outdoor,pflanzen,pflanzen f\u00fcr sandigen boden,pflanzen f\u00fcr trockene b\u00f6den,pflanzen f\u00fcr trockene standorte,pot-discount,set,snowberry,stauden f\u00fcr trockene standorte,str\u00e4ucher f\u00fcr trockene b\u00f6den,trockenheitsvertr\u00e4gliche pflanzen,trockenheitsvertr\u00e4gliche stauden,weigela\",\"bulletPoints\": [\"Romantischer Mix f\u00fcr trockene Standorte \\u0026 B\u00f6den\",\"Panaschierte Weigelien \\u0026 elegant-wei\u00dfe Schneebeeren\",\"Perfekt auch als Beetumrandung oder f\u00fcr dekorative Pflanzgef\u00e4\u00dfe\"],\"variants\" : [ {\"sku\": \"OB-SYDO-0006\",\"available\": false, \"compareAtPriceString\": \"113,96 \u20ac\", \"priceString\": \"99,99 \u20ac\", \"compareAtPrice\": 113.96, \"price\": 99.99, \"sale\":true, \"percentage\":\"12%\", \"priceCurrency\" : \"EUR\", \"url\" : \"https://shop.plantura.garden/products/trockenheitsvertraegliche-straeucher-romantisch-elegant-4er-set?variant=44327833862410\",\"isSet\":true }], \"handle\" : \"trockenheitsvertraegliche-straeucher-romantisch-elegant-4er-set\"}, { \"name\": \"Trockenrasen 2 kg\", \"unitPrice\" : \"Grundpreis: 18,50 \u20ac/kg\", \"compareAtPriceString\": \"\", \"priceString\": \"36,99 \u20ac\", \"compareAtPrice\": 0.0, \"price\": 36.99, \"sale\":false, \"percentage\":\"\", \"badge\": \"angebot\", \"url\": \"https://shop.plantura.garden/products/trockenrasen-2-kg\", \"available\": true, \"availabilityInfo\":\"\", \"campaignInfo\":\"rasen\",\"isSet\": false, \"priceLabel\": \"\", \"compareAtPriceLabel\": \"\",\"reviewsData\":{\"reviewCount\": 64, \"reviewAverageValue\": 4.5},\"image\": \"https://shop.plantura.garden/cdn/shop/files/trockenrasen-plantura_1476x.png?v=1691396906\",\"tags\": \"aussaat,boden,category_saatgut,grassamen,green-week-22,grow lawn,gr\u00e4ser,lawn seeds,Neuanlage,Rasen,rasenrelevant,rasensaat,rasensamen,rsm,saatgut,samen,streuwagen,wiese\",\"bulletPoints\": [\"Ideal geeignet f\u00fcr Regionen mit trockenen, hei\u00dfen Sommern\",\"Wassersparend durch trockenheitsresistente \\u0026 besonders tiefwurzelnde Gr\u00e4ser\",\"Hochwertige Premium-Mischung aus RSM \\/ gepr\u00fcften Rasensorten\"],\"variants\" : [ {\"sku\": \"TH-UI0E-WJLB\",\"available\": true, \"compareAtPriceString\": \"\", \"priceString\": \"36,99 \u20ac\", \"compareAtPrice\": 0.0, \"price\": 36.99, \"sale\":false, \"percentage\":\"\", \"priceCurrency\" : \"EUR\", \"url\" : \"https://shop.plantura.garden/products/trockenrasen-2-kg?variant=33327473885272\",\"isSet\":false}, {\"sku\": \"BX-ZIBM-PTFH\",\"available\": true, \"compareAtPriceString\": \"73,98 \u20ac\", \"priceString\": \"69,99 \u20ac\", \"compareAtPrice\": 73.98, \"price\": 69.99, \"sale\":true, \"percentage\":\"5%\", \"priceCurrency\" : \"EUR\", \"url\" : \"https://shop.plantura.garden/products/trockenrasen-2-kg?variant=33327473918040\",\"isSet\":true }, {\"sku\": \"UE-QTP9-1DMQ\",\"available\": true, \"compareAtPriceString\": \"184,95 \u20ac\", \"priceString\": \"169,99 \u20ac\", \"compareAtPrice\": 184.95, \"price\": 169.99, \"sale\":true, \"percentage\":\"8%\", \"priceCurrency\" : \"EUR\", \"url\" : \"https://shop.plantura.garden/products/trockenrasen-2-kg?variant=33327473950808\",\"isSet\":true }], \"handle\" : \"trockenrasen-2-kg\"}, { \"name\": \"\u00dcbertopf Anthrazit aus Bio-Faser\", \"unitPrice\" : \"\", \"compareAtPriceString\": \"\", \"priceString\": \"9,99 \u20ac\", \"compareAtPrice\": 0.0, \"price\": 9.99, \"sale\":false, \"percentage\":\"\", \"badge\": \"angebot\", \"url\": \"https://shop.plantura.garden/products/uebertopf-anthrazit-bio-faser-zimmerpflanzen\", \"available\": true, \"availabilityInfo\":\"\", \"campaignInfo\":\"zimmerpflanzen\",\"isSet\": false, \"priceLabel\": \"\", \"compareAtPriceLabel\": \"\",\"reviewsData\":{\"reviewCount\": 14, \"reviewAverageValue\": 4.5},\"image\": \"https://shop.plantura.garden/cdn/shop/products/uebertopf-anthrazit-zimmerpflanzen-kaufen_1476x.png?v=1668505142\",\"tags\": \"blumentopf,blument\u00f6pfe,eflora,indoor,plant pots,save-with-plant,topf,t\u00f6pfe\",\"bulletPoints\": [\"Nachhaltiger \u00dcbertopf: Biologisch abbaubare Bio-Fasern mit Elefantengras \\u0026 Kartoffelschalen\",\"Ideal f\u00fcr Zimmerpflanzen: Wasserdicht, bruchsicher \\u0026 kein Untersetzer n\u00f6tig\",\"3 verschiedene Gr\u00f6\u00dfen in einem dekorativen Anthrazit-Farbton\"],\"variants\" : [ {\"sku\": \"AC-BP12-0007\",\"available\": true, \"compareAtPriceString\": \"\", \"priceString\": \"9,99 \u20ac\", \"compareAtPrice\": 0.0, \"price\": 9.99, \"sale\":false, \"percentage\":\"\", \"priceCurrency\" : \"EUR\", \"url\" : \"https://shop.plantura.garden/products/uebertopf-anthrazit-bio-faser-zimmerpflanzen?variant=43833328402698\",\"isSet\":false}, {\"sku\": \"AC-BP17-0008\",\"available\": true, \"compareAtPriceString\": \"\", \"priceString\": \"14,99 \u20ac\", \"compareAtPrice\": 0.0, \"price\": 14.99, \"sale\":false, \"percentage\":\"\", \"priceCurrency\" : \"EUR\", \"url\" : \"https://shop.plantura.garden/products/uebertopf-anthrazit-bio-faser-zimmerpflanzen?variant=43833328435466\",\"isSet\":false}, {\"sku\": \"AC-BP21-0009\",\"available\": true, \"compareAtPriceString\": \"\", \"priceString\": \"16,99 \u20ac\", \"compareAtPrice\": 0.0, \"price\": 16.99, \"sale\":false, \"percentage\":\"\", \"priceCurrency\" : \"EUR\", \"url\" : \"https://shop.plantura.garden/products/uebertopf-anthrazit-bio-faser-zimmerpflanzen?variant=43833328468234\",\"isSet\":false}], \"handle\" : \"uebertopf-anthrazit-bio-faser-zimmerpflanzen\"}, { \"name\": \"\u00dcbertopf aus Seegras\", \"unitPrice\" : \"\", \"compareAtPriceString\": \"\", \"priceString\": \"12,99 \u20ac\", \"compareAtPrice\": 0.0, \"price\": 12.99, \"sale\":false, \"percentage\":\"\", \"badge\": \"angebot\", \"url\": \"https://shop.plantura.garden/products/uebertopf-seegras-zimmerpflanzen\", \"available\": true, \"availabilityInfo\":\"\", \"campaignInfo\":\"zimmerpflanzen\",\"isSet\": false, \"priceLabel\": \"\", \"compareAtPriceLabel\": \"\",\"reviewsData\":{\"reviewCount\": 38, \"reviewAverageValue\": 4.7},\"image\": \"https://shop.plantura.garden/cdn/shop/products/uebertopf-seegras-zimmerpflanzen-kaufen_1476x.png?v=1668505264\",\"tags\": \"blumentopf,blument\u00f6pfe,eflora,indoor,plant pots,save-with-plant,topf,t\u00f6pfe\",\"bulletPoints\": [\"Dekorativer \u00dcbertopf aus dem Naturmaterial Seegras \u2013 jeder ein Unikat\",\"Bruchsicher, wasserdicht \\u0026 kein Untersetzer notwendig\",\"Perfekt f\u00fcr Zimmerpflanzen: 3 verschiedene Gr\u00f6\u00dfen erh\u00e4ltlich\"],\"variants\" : [ {\"sku\": \"AC-SG12-0001\",\"available\": true, \"compareAtPriceString\": \"\", \"priceString\": \"12,99 \u20ac\", \"compareAtPrice\": 0.0, \"price\": 12.99, \"sale\":false, \"percentage\":\"\", \"priceCurrency\" : \"EUR\", \"url\" : \"https://shop.plantura.garden/products/uebertopf-seegras-zimmerpflanzen?variant=43833331712266\",\"isSet\":false}, {\"sku\": \"AC-SG17-0002\",\"available\": true, \"compareAtPriceString\": \"\", \"priceString\": \"15,99 \u20ac\", \"compareAtPrice\": 0.0, \"price\": 15.99, \"sale\":false, \"percentage\":\"\", \"priceCurrency\" : \"EUR\", \"url\" : \"https://shop.plantura.garden/products/uebertopf-seegras-zimmerpflanzen?variant=43833331745034\",\"isSet\":false}, {\"sku\": \"AC-SG21-0003\",\"available\": true, \"compareAtPriceString\": \"\", \"priceString\": \"18,99 \u20ac\", \"compareAtPrice\": 0.0, \"price\": 18.99, \"sale\":false, \"percentage\":\"\", \"priceCurrency\" : \"EUR\", \"url\" : \"https://shop.plantura.garden/products/uebertopf-seegras-zimmerpflanzen?variant=43833331777802\",\"isSet\":false}], \"handle\" : \"uebertopf-seegras-zimmerpflanzen\"}, { \"name\": \"\u00dcbertopf Natur aus Bio-Faser\", \"unitPrice\" : \"\", \"compareAtPriceString\": \"\", \"priceString\": \"9,99 \u20ac\", \"compareAtPrice\": 0.0, \"price\": 9.99, \"sale\":false, \"percentage\":\"\", \"badge\": \"angebot\", \"url\": \"https://shop.plantura.garden/products/uebertopf-natur-bio-faser-zimmerpflanzen\", \"available\": true, \"availabilityInfo\":\"\", \"campaignInfo\":\"zimmerpflanzen\",\"isSet\": false, \"priceLabel\": \"\", \"compareAtPriceLabel\": \"\",\"reviewsData\":{\"reviewCount\": 23, \"reviewAverageValue\": 4.8},\"image\": \"https://shop.plantura.garden/cdn/shop/products/uebertopf-natur-zimmerpflanzen-kaufen_1476x.png?v=1668505126\",\"tags\": \"blumentopf,blument\u00f6pfe,eflora,indoor,plant pots,save-with-plant,topf,t\u00f6pfe\",\"bulletPoints\": [\"Nachhaltiger \u00dcbertopf aus Kartoffelschalen \\u0026 Elefantengras \u2013 hergestellt in der EU\",\"Perfekt f\u00fcr Zimmerpflanzen: Bruchsicher, wasserdicht \\u0026 kein Untersetzer n\u00f6tig\",\"3 verschiedene Gr\u00f6\u00dfen in einem dekorativen Natur-Farbton\"],\"variants\" : [ {\"sku\": \"AC-BP12-0004\",\"available\": true, \"compareAtPriceString\": \"\", \"priceString\": \"9,99 \u20ac\", \"compareAtPrice\": 0.0, \"price\": 9.99, \"sale\":false, \"percentage\":\"\", \"priceCurrency\" : \"EUR\", \"url\" : \"https://shop.plantura.garden/products/uebertopf-natur-bio-faser-zimmerpflanzen?variant=43833328140554\",\"isSet\":false}, {\"sku\": \"AC-BP17-0005\",\"available\": true, \"compareAtPriceString\": \"\", \"priceString\": \"14,99 \u20ac\", \"compareAtPrice\": 0.0, \"price\": 14.99, \"sale\":false, \"percentage\":\"\", \"priceCurrency\" : \"EUR\", \"url\" : \"https://shop.plantura.garden/products/uebertopf-natur-bio-faser-zimmerpflanzen?variant=43833328173322\",\"isSet\":false}, {\"sku\": \"AC-BP21-0006\",\"available\": true, \"compareAtPriceString\": \"\", \"priceString\": \"16,99 \u20ac\", \"compareAtPrice\": 0.0, \"price\": 16.99, \"sale\":false, \"percentage\":\"\", \"priceCurrency\" : \"EUR\", \"url\" : \"https://shop.plantura.garden/products/uebertopf-natur-bio-faser-zimmerpflanzen?variant=43833328206090\",\"isSet\":false}], \"handle\" : \"uebertopf-natur-bio-faser-zimmerpflanzen\"}, { \"name\": \"\u00dcbertopf Terracotta aus Bio-Faser\", \"unitPrice\" : \"\", \"compareAtPriceString\": \"\", \"priceString\": \"9,99 \u20ac\", \"compareAtPrice\": 0.0, \"price\": 9.99, \"sale\":false, \"percentage\":\"\", \"badge\": \"angebot\", \"url\": \"https://shop.plantura.garden/products/uebertopf-terracotta-bio-faser-zimmerpflanzen\", \"available\": true, \"availabilityInfo\":\"\", \"campaignInfo\":\"zimmerpflanzen\",\"isSet\": false, \"priceLabel\": \"\", \"compareAtPriceLabel\": \"\",\"reviewsData\":{\"reviewCount\": 4, \"reviewAverageValue\": 4.8},\"image\": \"https://shop.plantura.garden/cdn/shop/products/uebertopf-terracotta-zimmerpflanzen-kaufen_1476x.png?v=1668505159\",\"tags\": \"blumentopf,blument\u00f6pfe,eflora,indoor,plant pots,save-with-plant,topf,t\u00f6pfe\",\"bulletPoints\": [\"Nachhaltiger \u00dcbertopf aus Bio-Fasern mit Kartoffelschalen \\u0026 Elefantengras\",\"Bruchsicher, wasserdicht \\u0026 kein Untersetzer n\u00f6tig \u2013 ideal f\u00fcr Zimmerpflanzen\",\"3 verschiedene Gr\u00f6\u00dfen in einem dekorativen Terracotta-Farbton\"],\"variants\" : [ {\"sku\": \"AC-BP12-0010\",\"available\": true, \"compareAtPriceString\": \"\", \"priceString\": \"9,99 \u20ac\", \"compareAtPrice\": 0.0, \"price\": 9.99, \"sale\":false, \"percentage\":\"\", \"priceCurrency\" : \"EUR\", \"url\" : \"https://shop.plantura.garden/products/uebertopf-terracotta-bio-faser-zimmerpflanzen?variant=43833328861450\",\"isSet\":false}, {\"sku\": \"AC-BP17-0011\",\"available\": true, \"compareAtPriceString\": \"\", \"priceString\": \"14,99 \u20ac\", \"compareAtPrice\": 0.0, \"price\": 14.99, \"sale\":false, \"percentage\":\"\", \"priceCurrency\" : \"EUR\", \"url\" : \"https://shop.plantura.garden/products/uebertopf-terracotta-bio-faser-zimmerpflanzen?variant=43833328894218\",\"isSet\":false}, {\"sku\": \"AC-BP21-0012\",\"available\": false, \"compareAtPriceString\": \"\", \"priceString\": \"16,99 \u20ac\", \"compareAtPrice\": 0.0, \"price\": 16.99, \"sale\":false, \"percentage\":\"\", \"priceCurrency\" : \"EUR\", \"url\" : \"https://shop.plantura.garden/products/uebertopf-terracotta-bio-faser-zimmerpflanzen?variant=43833328926986\",\"isSet\":false}], \"handle\" : \"uebertopf-terracotta-bio-faser-zimmerpflanzen\"}, { \"name\": \"Vogeln\u00e4hrgeh\u00f6lze f\u00fcr den Naturgarten (4er Set)\", \"unitPrice\" : \"\", \"compareAtPriceString\": \"103,96 \u20ac\", \"priceString\": \"89,99 \u20ac\", \"compareAtPrice\": 103.96, \"price\": 89.99, \"sale\":false, \"percentage\":\"13%\", \"badge\": \"angebot\", \"url\": \"https://shop.plantura.garden/products/vogelnaehrgehoelze-naturgarten-4er-set\", \"available\": true, \"availabilityInfo\":\"\", \"campaignInfo\":\"pflanzen-draussen\",\"isSet\": true, \"priceLabel\": \"Im Set\", \"compareAtPriceLabel\": \"Einzeln\",\"reviewsData\":{\"reviewCount\": 6, \"reviewAverageValue\": 5.0},\"image\": \"https://shop.plantura.garden/cdn/shop/files/set-vogelnaehrgehoelze-kaufen_1132x.png?v=1692795601\",\"tags\": \"amelanchier,angebot,aronia,beefriendly,birdfriendly,bundle,chaenomeles,deciduous shrubs,elderberry,flowering shrubs,foliage,jeddeloh,live plants,naturgarten,outdoor,pflanzen,pflanzen f\u00fcr naturgarten,pot-discount,set,spring bloomer,str\u00e4ucher vogelfreundlich,vogelfreundlich,vogelfreundliche hecken,vogelfreundliche str\u00e4ucher,vogeln\u00e4hrgeh\u00f6lze\",\"bulletPoints\": [\"Vogelfreundliches Wildobst mit hohem Zierwert\",\"Bietet V\u00f6geln reichlich Nahrung \\u0026 Unterschlupf\",\"Pflegeleicht \\u0026 einsteigerfreundlich \u2013 ideal f\u00fcr den Naturgarten\"],\"variants\" : [ {\"sku\": \"OB-AMLA-0012\",\"available\": true, \"compareAtPriceString\": \"103,96 \u20ac\", \"priceString\": \"89,99 \u20ac\", \"compareAtPrice\": 103.96, \"price\": 89.99, \"sale\":true, \"percentage\":\"13%\", \"priceCurrency\" : \"EUR\", \"url\" : \"https://shop.plantura.garden/products/vogelnaehrgehoelze-naturgarten-4er-set?variant=44327825637642\",\"isSet\":true }], \"handle\" : \"vogelnaehrgehoelze-naturgarten-4er-set\"}, { \"name\": \"Weigelie \\u0026#39;Bristol Ruby\\u0026#39; Rubinrot\", \"unitPrice\" : \"\", \"compareAtPriceString\": \"\", \"priceString\": \"26,99 \u20ac\", \"compareAtPrice\": 0.0, \"price\": 26.99, \"sale\":false, \"percentage\":\"\", \"badge\": \"angebot\", \"url\": \"https://shop.plantura.garden/products/weigelie-bristol-ruby-rubinrot\", \"available\": true, \"availabilityInfo\":\"\", \"campaignInfo\":\"pflanzen-draussen\",\"isSet\": false, \"priceLabel\": \"\", \"compareAtPriceLabel\": \"\",\"reviewsData\":{\"reviewCount\": 4, \"reviewAverageValue\": 5.0},\"image\": \"https://shop.plantura.garden/cdn/shop/files/weigelie-bristol-ruby-kaufen_f5f72bb2-de54-47a9-9391-37becc89aedd_1181x.png?v=1692805868\",\"tags\": \"beefriendly,deciduous shrubs,flowering shrubs,jeddeloh,live plants,outdoor,pflanzen,pot-discount,weigela\",\"bulletPoints\": [\"Herrlich rubinrote Bl\u00fcten von Mai bis Juli \\u0026 Nachbl\u00fcte im Herbst\",\"Dekorativer Farbwechsel im Herbst: Von Gr\u00fcn zu Goldgelb\",\"Pflegeleicht \\u0026 robust: Als Bl\u00fchhecke oder solit\u00e4r im Garten\"],\"variants\" : [ {\"sku\": \"OP-WGFL-0178\",\"available\": true, \"compareAtPriceString\": \"\", \"priceString\": \"26,99 \u20ac\", \"compareAtPrice\": 0.0, \"price\": 26.99, \"sale\":false, \"percentage\":\"\", \"priceCurrency\" : \"EUR\", \"url\" : \"https://shop.plantura.garden/products/weigelie-bristol-ruby-rubinrot?variant=44327894483210\",\"isSet\":false}], \"handle\" : \"weigelie-bristol-ruby-rubinrot\"}, { \"name\": \"Weigelie \\u0026#39;Moulin Rouge\\u0026#39;\u00ae Rot\", \"unitPrice\" : \"\", \"compareAtPriceString\": \"\", \"priceString\": \"24,99 \u20ac\", \"compareAtPrice\": 0.0, \"price\": 24.99, \"sale\":false, \"percentage\":\"\", \"badge\": \"angebot\", \"url\": \"https://shop.plantura.garden/products/weigelie-moulin-rouge-rot\", \"available\": true, \"availabilityInfo\":\"\", \"campaignInfo\":\"pflanzen-draussen\",\"isSet\": false, \"priceLabel\": \"\", \"compareAtPriceLabel\": \"\",\"reviewsData\":{\"reviewCount\": 0, \"reviewAverageValue\": 0.0},\"image\": \"https://shop.plantura.garden/cdn/shop/files/weigelie-moulin-rouge-kaufen_1476x.png?v=1692799465\",\"tags\": \"beefriendly,deciduous shrubs,flowering shrubs,jeddeloh,live plants,outdoor,pflanzen,pot-discount,weigela,weigela florida\",\"bulletPoints\": [\"Kr\u00e4ftig rote Trompetenbl\u00fcten: Wertvolle Bienenweide\",\"Gr\u00fcnes Laub mit gelb bis rosafarbener Panaschierung\",\"Robust, schnittvertr\u00e4glich \\u0026 pflegeleicht\"],\"variants\" : [ {\"sku\": \"OP-WGFL-0173\",\"available\": true, \"compareAtPriceString\": \"\", \"priceString\": \"24,99 \u20ac\", \"compareAtPrice\": 0.0, \"price\": 24.99, \"sale\":false, \"percentage\":\"\", \"priceCurrency\" : \"EUR\", \"url\" : \"https://shop.plantura.garden/products/weigelie-moulin-rouge-rot?variant=44327892123914\",\"isSet\":false}], \"handle\" : \"weigelie-moulin-rouge-rot\"}, { \"name\": \"Weigelie \\u0026#39;Snowflake\\u0026#39;\u00ae Wei\u00df\", \"unitPrice\" : \"\", \"compareAtPriceString\": \"\", \"priceString\": \"26,99 \u20ac\", \"compareAtPrice\": 0.0, \"price\": 26.99, \"sale\":false, \"percentage\":\"\", \"badge\": \"angebot\", \"url\": \"https://shop.plantura.garden/products/weigelie-snowflake-weiss\", \"available\": true, \"availabilityInfo\":\"\", \"campaignInfo\":\"pflanzen-draussen\",\"isSet\": false, \"priceLabel\": \"\", \"compareAtPriceLabel\": \"\",\"reviewsData\":{\"reviewCount\": 0, \"reviewAverageValue\": 0.0},\"image\": \"https://shop.plantura.garden/cdn/shop/files/weigelie-snowflake-kaufen_1476x.png?v=1692799558\",\"tags\": \"beefriendly,deciduous shrubs,flowering shrubs,jeddeloh,live plants,outdoor,pflanzen,pot-discount,weigela\",\"bulletPoints\": [\"\u00dcppige, wei\u00dfe Bl\u00fctenpracht mit tollem Kontrast zum dunkelgr\u00fcnen Laub\",\"Sehr frosthart \\u0026 kaum anf\u00e4llig f\u00fcr Sch\u00e4dlinge \\u0026 Krankheiten\\n\",\"Bienenfreundliche Weigelie f\u00fcr Topf \\u0026 Beet\\n\"],\"variants\" : [ {\"sku\": \"OP-WGFL-0179\",\"available\": true, \"compareAtPriceString\": \"\", \"priceString\": \"26,99 \u20ac\", \"compareAtPrice\": 0.0, \"price\": 26.99, \"sale\":false, \"percentage\":\"\", \"priceCurrency\" : \"EUR\", \"url\" : \"https://shop.plantura.garden/products/weigelie-snowflake-weiss?variant=44327894974730\",\"isSet\":false}], \"handle\" : \"weigelie-snowflake-weiss\"}, { \"name\": \"Weigelie \\u0026#39;Wine and Roses\\u0026#39; Purpurrosa\", \"unitPrice\" : \"\", \"compareAtPriceString\": \"\", \"priceString\": \"26,99 \u20ac\", \"compareAtPrice\": 0.0, \"price\": 26.99, \"sale\":false, \"percentage\":\"\", \"badge\": \"angebot\", \"url\": \"https://shop.plantura.garden/products/weigelie-wine-and-roses-purpurrosa\", \"available\": true, \"availabilityInfo\":\"\", \"campaignInfo\":\"pflanzen-draussen\",\"isSet\": false, \"priceLabel\": \"\", \"compareAtPriceLabel\": \"\",\"reviewsData\":{\"reviewCount\": 4, \"reviewAverageValue\": 5.0},\"image\": \"https://shop.plantura.garden/cdn/shop/files/weigelie-wine-and-roses-kaufen_1181x.png?v=1692799531\",\"tags\": \"beefriendly,deciduous shrubs,flowering shrubs,jeddeloh,live plants,outdoor,pflanzen,pot-discount,weigela,weigela florida,wine & roses\",\"bulletPoints\": [\"Magisches Farbenspiel mit purpurrosa Bl\u00fcten \\u0026 dunkelrotem Laub\",\"Zweite Nachbl\u00fcte im Herbst \u2013 ideal f\u00fcr Bl\u00fctenhecken geeignet\\n\",\"Anspruchsloser Strauch f\u00fcr sonnige bis halbschattige Standorte\"],\"variants\" : [ {\"sku\": \"OP-WGFL-0176\",\"available\": true, \"compareAtPriceString\": \"\", \"priceString\": \"26,99 \u20ac\", \"compareAtPrice\": 0.0, \"price\": 26.99, \"sale\":false, \"percentage\":\"\", \"priceCurrency\" : \"EUR\", \"url\" : \"https://shop.plantura.garden/products/weigelie-wine-and-roses-purpurrosa?variant=44327893434634\",\"isSet\":false}], \"handle\" : \"weigelie-wine-and-roses-purpurrosa\"}, { \"name\": \"Wei\u00dfbunter Gummibaum \\u0026#39;Tineke\\u0026#39;\", \"unitPrice\" : \"\", \"compareAtPriceString\": \"\", \"priceString\": \"24,99 \u20ac\", \"compareAtPrice\": 0.0, \"price\": 24.99, \"sale\":false, \"percentage\":\"\", \"badge\": \"angebot\", \"url\": \"https://shop.plantura.garden/products/weissbunter-gummibaum-tineke-ficus-elastica\", \"available\": true, \"availabilityInfo\":\"\", \"campaignInfo\":\"zimmerpflanzen\",\"isSet\": false, \"priceLabel\": \"\", \"compareAtPriceLabel\": \"\",\"reviewsData\":{\"reviewCount\": 0, \"reviewAverageValue\": 0.0},\"image\": \"https://shop.plantura.garden/cdn/shop/files/plantura-weissbunter-gummibaum-tineke-kaufen_1476x.png?v=1693465727\",\"tags\": \"eflora,ficus elastica,ficus tineke,gr\u00fcnpflanzen,indoor,limited-quantity,live plants,luftreinigend,pflanzen,pflegeleicht,pot-discount,special leaf\",\"bulletPoints\": [\"Auff\u00e4llig gr\u00fcn-wei\u00df gemusterte Bl\u00e4tter\",\"Anf\u00e4ngerfreundlich, robust \\u0026 unkompliziert\",\"Luftreinigend: Filtert Schadstoffe aus der Luft\"],\"variants\" : [ {\"sku\": \"IP-FIEL-0041\",\"available\": true, \"compareAtPriceString\": \"\", \"priceString\": \"24,99 \u20ac\", \"compareAtPrice\": 0.0, \"price\": 24.99, \"sale\":false, \"percentage\":\"\", \"priceCurrency\" : \"EUR\", \"url\" : \"https://shop.plantura.garden/products/weissbunter-gummibaum-tineke-ficus-elastica?variant=44678632014090\",\"isSet\":false}, {\"sku\": \"IP-FIEL-0042\",\"available\": true, \"compareAtPriceString\": \"\", \"priceString\": \"36,99 \u20ac\", \"compareAtPrice\": 0.0, \"price\": 36.99, \"sale\":false, \"percentage\":\"\", \"priceCurrency\" : \"EUR\", \"url\" : \"https://shop.plantura.garden/products/weissbunter-gummibaum-tineke-ficus-elastica?variant=44678632046858\",\"isSet\":false}], \"handle\" : \"weissbunter-gummibaum-tineke-ficus-elastica\"}, { \"name\": \"Wei\u00dfbunter Gummibaum \\u0026#39;Tineke\\u0026#39; XXL-Gr\u00f6\u00dfe\", \"unitPrice\" : \"\", \"compareAtPriceString\": \"\", \"priceString\": \"69,99 \u20ac\", \"compareAtPrice\": 0.0, \"price\": 69.99, \"sale\":false, \"percentage\":\"\", \"badge\": \"new\", \"url\": \"https://shop.plantura.garden/products/weissbunter-gummibaum-tineke-ficus-elastica-xxl-groesse\", \"available\": true, \"availabilityInfo\":\"\", \"campaignInfo\":\"zimmerpflanzen\",\"isSet\": false, \"priceLabel\": \"\", \"compareAtPriceLabel\": \"\",\"reviewsData\":{\"reviewCount\": 0, \"reviewAverageValue\": 0.0},\"image\": \"https://shop.plantura.garden/cdn/shop/files/plantura-weissbunter-gummibaum-tineke-xxl-groesse-kaufen_1476x.png?v=1693465773\",\"tags\": \"eflora,ficus elastica,ficus tineke,gro\u00dfe zimmerpflanze,gr\u00fcnpflanzen,indoor,live plants,luftreinigend,new,pflanzen,pflegeleicht,pot-discount,special leaf,xxl zimmerpflanze\",\"bulletPoints\": [\"Gro\u00dfer Gummibaum im eindrucksvollen XXL-Format\",\"Anf\u00e4ngerfreundlich, robust \\u0026 unkompliziert\",\"Luftreinigend: Filtert Schadstoffe aus der Luft\"],\"variants\" : [ {\"sku\": \"IP-FIEL-0083\",\"available\": true, \"compareAtPriceString\": \"\", \"priceString\": \"69,99 \u20ac\", \"compareAtPrice\": 0.0, \"price\": 69.99, \"sale\":false, \"percentage\":\"\", \"priceCurrency\" : \"EUR\", \"url\" : \"https://shop.plantura.garden/products/weissbunter-gummibaum-tineke-ficus-elastica-xxl-groesse?variant=44678632374538\",\"isSet\":false}], \"handle\" : \"weissbunter-gummibaum-tineke-ficus-elastica-xxl-groesse\"}, { \"name\": \"Wilder Wein \\u0026#39;Veitchii\\u0026#39;\", \"unitPrice\" : \"\", \"compareAtPriceString\": \"\", \"priceString\": \"32,99 \u20ac\", \"compareAtPrice\": 0.0, \"price\": 32.99, \"sale\":false, \"percentage\":\"\", \"badge\": \"new\", \"url\": \"https://shop.plantura.garden/products/wilder-wein-veitchii\", \"available\": true, \"availabilityInfo\":\"\", \"campaignInfo\":\"pflanzen-draussen\",\"isSet\": false, \"priceLabel\": \"\", \"compareAtPriceLabel\": \"\",\"reviewsData\":{\"reviewCount\": 1, \"reviewAverageValue\": 4.0},\"image\": \"https://shop.plantura.garden/cdn/shop/files/wilder-wein-veitchii-kaufen_1476x.png?v=1691765074\",\"tags\": \"beefriendly,birdfriendly,climbing plant,dreispitz jungfernrebe,dreispitzige jungfernrebe,drought tolerant,jungfernrebe,kletterpflanze,kletterpflanzen,live plants,outdoor,parthenocissus,parthenocissus tricuspidata,pflanzen,pot-discount,reiners,selbstklimmender wilder wein\",\"bulletPoints\": [\"Beliebter Fassadenbegr\u00fcner mit scharlachroter Herbstf\u00e4rbung\",\"Selbstklimmende Kletterpflanze \u2013 vogel- \\u0026 bienenfreundlich\\n\",\"Gen\u00fcgsam \\u0026 robust: Begr\u00fcnt triste W\u00e4nde in Rekordzeit\\n\"],\"variants\" : [ {\"sku\": \"OP-PATR-0469\",\"available\": true, \"compareAtPriceString\": \"\", \"priceString\": \"32,99 \u20ac\", \"compareAtPrice\": 0.0, \"price\": 32.99, \"sale\":false, \"percentage\":\"\", \"priceCurrency\" : \"EUR\", \"url\" : \"https://shop.plantura.garden/products/wilder-wein-veitchii?variant=44601858195722\",\"isSet\":false}], \"handle\" : \"wilder-wein-veitchii\"}, { \"name\": \"Zier-Apfelbaum \\u0026#39;Aros\\u0026#39;\u00ae\", \"unitPrice\" : \"\", \"compareAtPriceString\": \"\", \"priceString\": \"45,99 \u20ac\", \"compareAtPrice\": 0.0, \"price\": 45.99, \"sale\":false, \"percentage\":\"\", \"badge\": \"new\", \"url\": \"https://shop.plantura.garden/products/zier-apfelbaum-aros\", \"available\": true, \"availabilityInfo\":\"\", \"campaignInfo\":\"pflanzen-draussen\",\"isSet\": false, \"priceLabel\": \"\", \"compareAtPriceLabel\": \"\",\"reviewsData\":{\"reviewCount\": 6, \"reviewAverageValue\": 5.0},\"image\": \"https://shop.plantura.garden/cdn/shop/files/zier-apfelbaum-aros-kaufen_1476x.png?v=1692798066\",\"tags\": \"apfel,apfelbaum,balcony,beefriendly,birdfriendly,deciduous shrubs,flowering shrubs,foliage,jeddeloh,live plants,malus,outdoor,pflanzen,pot-discount,spring bloomer,zierapfel,zierapfelbaum\",\"bulletPoints\": [\"Schlanke Wuchsform mit traumhaftem, dunklem Laub\",\"Dunkelrote Bl\u00fcten von April bis Mai \u2013 reifen zu roten Zier\u00e4pfeln\",\"Winterhartes Vogeln\u00e4hrgeh\u00f6lz \u2013 auch f\u00fcr Balkon \\u0026 Terrasse\"],\"variants\" : [ {\"sku\": \"OP-MALU-0238\",\"available\": true, \"compareAtPriceString\": \"\", \"priceString\": \"45,99 \u20ac\", \"compareAtPrice\": 0.0, \"price\": 45.99, \"sale\":false, \"percentage\":\"\", \"priceCurrency\" : \"EUR\", \"url\" : \"https://shop.plantura.garden/products/zier-apfelbaum-aros?variant=44327852015882\",\"isSet\":false}], \"handle\" : \"zier-apfelbaum-aros\"}, { \"name\": \"Zier-Apfelbaum \\u0026#39;Evereste\\u0026#39;\u00ae\", \"unitPrice\" : \"\", \"compareAtPriceString\": \"\", \"priceString\": \"39,99 \u20ac\", \"compareAtPrice\": 0.0, \"price\": 39.99, \"sale\":false, \"percentage\":\"\", \"badge\": \"new\", \"url\": \"https://shop.plantura.garden/products/zier-apfelbaum-evereste\", \"available\": true, \"availabilityInfo\":\"\", \"campaignInfo\":\"pflanzen-draussen\",\"isSet\": false, \"priceLabel\": \"\", \"compareAtPriceLabel\": \"\",\"reviewsData\":{\"reviewCount\": 8, \"reviewAverageValue\": 4.3},\"image\": \"https://shop.plantura.garden/cdn/shop/files/zier-apfelbaum-evereste-kaufen_1476x.png?v=1692889320\",\"tags\": \"apfel,apfelbaum,balcony,beefriendly,birdfriendly,deciduous shrubs,flowering shrubs,jeddeloh,live plants,malus,outdoor,pflanzen,pot-discount,spring bloomer,zierapfel,zierapfelbaum\",\"bulletPoints\": [\"Herrliche Bl\u00fctenpracht von Mai bis Juni in strahlendem Wei\u00df\",\"Leuchtend orangefarbene Zier\u00e4pfel von September bis in den Oktober\",\"Veredeltes Vogeln\u00e4hrgeh\u00f6lz \\u0026 Insektenweide mit sch\u00f6nem Wuchs\"],\"variants\" : [ {\"sku\": \"OP-MALU-0239\",\"available\": true, \"compareAtPriceString\": \"\", \"priceString\": \"39,99 \u20ac\", \"compareAtPrice\": 0.0, \"price\": 39.99, \"sale\":false, \"percentage\":\"\", \"priceCurrency\" : \"EUR\", \"url\" : \"https://shop.plantura.garden/products/zier-apfelbaum-evereste?variant=44327852671242\",\"isSet\":false}], \"handle\" : \"zier-apfelbaum-evereste\"}, { \"name\": \"Zierbanane\", \"unitPrice\" : \"\", \"compareAtPriceString\": \"\", \"priceString\": \"16,99 \u20ac\", \"compareAtPrice\": 0.0, \"price\": 16.99, \"sale\":false, \"percentage\":\"\", \"badge\": \"new\", \"url\": \"https://shop.plantura.garden/products/zierbanane-musa-tropicana\", \"available\": true, \"availabilityInfo\":\"\", \"campaignInfo\":\"zimmerpflanzen\",\"isSet\": false, \"priceLabel\": \"\", \"compareAtPriceLabel\": \"\",\"reviewsData\":{\"reviewCount\": 4, \"reviewAverageValue\": 4.8},\"image\": \"https://shop.plantura.garden/cdn/shop/products/plantura-musa-tropicana-kaufen_1476x.png?v=1663156084\",\"tags\": \"banane,bananenbaum,bananenpflanze,bananenstaude,eflora,gr\u00fcnpflanzen,indoor,katzenfreundlich,kleine zimmerpflanzen,live plants,pflanzen,pot-discount\",\"bulletPoints\": [\"Tropische Sch\u00f6nheit mit gro\u00dfen, gr\u00fcnen Bl\u00e4ttern \\u0026 echtem Dschungel-Flair\",\"Ungiftig f\u00fcr Haustiere \\u0026 Menschen \u2013 f\u00fcr alle R\u00e4ume geeignet\",\"Perfekt f\u00fcr Pflanzenfreunde mit etwas Erfahrung \u2013 liebt sehr helle Standorte\"],\"variants\" : [ {\"sku\": \"IP-MUTR-0005\",\"available\": true, \"compareAtPriceString\": \"\", \"priceString\": \"16,99 \u20ac\", \"compareAtPrice\": 0.0, \"price\": 16.99, \"sale\":false, \"percentage\":\"\", \"priceCurrency\" : \"EUR\", \"url\" : \"https://shop.plantura.garden/products/zierbanane-musa-tropicana?variant=43725403259146\",\"isSet\":false}], \"handle\" : \"zierbanane-musa-tropicana\"}, { \"name\": \"Zierkirsche \\u0026#39;Kojou-no-mai\\u0026#39;\", \"unitPrice\" : \"\", \"compareAtPriceString\": \"\", \"priceString\": \"25,99 \u20ac\", \"compareAtPrice\": 0.0, \"price\": 25.99, \"sale\":false, \"percentage\":\"\", \"badge\": \"new\", \"url\": \"https://shop.plantura.garden/products/zierkirsche-kojou-no-mai\", \"available\": true, \"availabilityInfo\":\"\", \"campaignInfo\":\"pflanzen-draussen\",\"isSet\": false, \"priceLabel\": \"\", \"compareAtPriceLabel\": \"\",\"reviewsData\":{\"reviewCount\": 4, \"reviewAverageValue\": 5.0},\"image\": \"https://shop.plantura.garden/cdn/shop/files/zierkirsche-kojou-no-mai-kaufen_1476x.png?v=1692798622\",\"tags\": \"asia,beefriendly,birdfriendly,cherry blossom,deciduous shrubs,flowering shrubs,fuji kirsche,geschlitzte kirsche,japanische kirsche,jeddeloh,korkenzieherkirsche,live plants,m\u00e4rzkirsche,outdoor,pflanzen,pot-discount,prunus,prunus incisa,spring bloomer\",\"bulletPoints\": [\"Bienenfreundlicher Fr\u00fchbl\u00fcher mit rosa-wei\u00dfen Bl\u00fcten von M\u00e4rz bis April\",\"Langsamwachsend \\u0026 pflegeleicht \u2013 optimal f\u00fcr Balkon oder Terrasse\",\"Vogeln\u00e4hrgeh\u00f6lz: Blaue Kirschen mit leicht bitterem Geschmack\"],\"variants\" : [ {\"sku\": \"OP-PRIN-0154\",\"available\": true, \"compareAtPriceString\": \"\", \"priceString\": \"25,99 \u20ac\", \"compareAtPrice\": 0.0, \"price\": 25.99, \"sale\":false, \"percentage\":\"\", \"priceCurrency\" : \"EUR\", \"url\" : \"https://shop.plantura.garden/products/zierkirsche-kojou-no-mai?variant=44327875707146\",\"isSet\":false}], \"handle\" : \"zierkirsche-kojou-no-mai\"}, { \"name\": \"Zierquitte \\u0026#39;Jet Trail\\u0026#39; Wei\u00df\", \"unitPrice\" : \"\", \"compareAtPriceString\": \"\", \"priceString\": \"25,99 \u20ac\", \"compareAtPrice\": 0.0, \"price\": 25.99, \"sale\":false, \"percentage\":\"\", \"badge\": \"new\", \"url\": \"https://shop.plantura.garden/products/zierquitte-jet-trail\", \"available\": true, \"availabilityInfo\":\"\", \"campaignInfo\":\"pflanzen-draussen\",\"isSet\": false, \"priceLabel\": \"\", \"compareAtPriceLabel\": \"\",\"reviewsData\":{\"reviewCount\": 0, \"reviewAverageValue\": 0.0},\"image\": \"https://shop.plantura.garden/cdn/shop/files/zierquitte-jet-trail-kaufen_1476x.png?v=1692797149\",\"tags\": \"asia,beefriendly,birdfriendly,chaenomeles,deciduous shrubs,flowering shrubs,jeddeloh,live plants,outdoor,pflanzen,pot-discount,quitte,spring bloomer\",\"bulletPoints\": [\"Wei\u00dfe Bl\u00fctenpracht \\u0026 leuchtend gelbe Fr\u00fcchte\",\"Wertvolle Bienenweide \\u0026 Vogeln\u00e4hr- sowie Schutzgeh\u00f6lz\",\"Kompakter Wuchs, kaum Dornen \\u0026 sehr pflegeleicht\"],\"variants\" : [ {\"sku\": \"OP-JETR-0424\",\"available\": true, \"compareAtPriceString\": \"\", \"priceString\": \"25,99 \u20ac\", \"compareAtPrice\": 0.0, \"price\": 25.99, \"sale\":false, \"percentage\":\"\", \"priceCurrency\" : \"EUR\", \"url\" : \"https://shop.plantura.garden/products/zierquitte-jet-trail?variant=44498361090314\",\"isSet\":false}], \"handle\" : \"zierquitte-jet-trail\"}, { \"name\": \"Zierquitte \\u0026#39;Pink Lady\\u0026#39; Dunkelrosa\", \"unitPrice\" : \"\", \"compareAtPriceString\": \"\", \"priceString\": \"25,99 \u20ac\", \"compareAtPrice\": 0.0, \"price\": 25.99, \"sale\":false, \"percentage\":\"\", \"badge\": \"new\", \"url\": \"https://shop.plantura.garden/products/zierquitte-pink-lady\", \"available\": true, \"availabilityInfo\":\"\", \"campaignInfo\":\"pflanzen-draussen\",\"isSet\": false, \"priceLabel\": \"\", \"compareAtPriceLabel\": \"\",\"reviewsData\":{\"reviewCount\": 2, \"reviewAverageValue\": 4.5},\"image\": \"https://shop.plantura.garden/cdn/shop/files/zierquitte-pink-lady-kaufen_1476x.png?v=1692796379\",\"tags\": \"asia,beefriendly,birdfriendly,chaenomeles,chaenomeles superba,deciduous shrubs,flowering shrubs,japanische quitte,jeddeloh,live plants,outdoor,pflanzen,pot-discount,quitte,spring bloomer\",\"bulletPoints\": [\"Duftende, dunkelrosa Bl\u00fctenpracht \\u0026 wohlschmeckende, gelbe Fr\u00fcchte\",\"Bienenfreundliches \\u0026 wertvolles Vogeln\u00e4hrgeh\u00f6lz\",\"Kompakter Kleinstrauch \u2013 ideal f\u00fcr Beet \\u0026 Topf\"],\"variants\" : [ {\"sku\": \"OP-CHPL-0132\",\"available\": true, \"compareAtPriceString\": \"\", \"priceString\": \"25,99 \u20ac\", \"compareAtPrice\": 0.0, \"price\": 25.99, \"sale\":false, \"percentage\":\"\", \"priceCurrency\" : \"EUR\", \"url\" : \"https://shop.plantura.garden/products/zierquitte-pink-lady?variant=44327842218250\",\"isSet\":false}], \"handle\" : \"zierquitte-pink-lady\"}, { \"name\": \"Zierquitte \\u0026#39;Red Joy\\u0026#39; Rot\", \"unitPrice\" : \"\", \"compareAtPriceString\": \"\", \"priceString\": \"25,99 \u20ac\", \"compareAtPrice\": 0.0, \"price\": 25.99, \"sale\":false, \"percentage\":\"\", \"badge\": \"new\", \"url\": \"https://shop.plantura.garden/products/zierquitte-red-joy\", \"available\": true, \"availabilityInfo\":\"\", \"campaignInfo\":\"pflanzen-draussen\",\"isSet\": false, \"priceLabel\": \"\", \"compareAtPriceLabel\": \"\",\"reviewsData\":{\"reviewCount\": 4, \"reviewAverageValue\": 5.0},\"image\": \"https://shop.plantura.garden/cdn/shop/files/zierquitte-red-joy-kaufen_1427x.png?v=1692796400\",\"tags\": \"asia,beefriendly,birdfriendly,chaenomeles,chaenomeles japonica,deciduous shrubs,flowering shrubs,jeddeloh,live plants,outdoor,pflanzen,pot-discount,quitte,spring bloomer\",\"bulletPoints\": [\"Farbenpr\u00e4chtige, leuchtend rote Bl\u00fcte \\u0026 essbare, gelbe Fr\u00fcchte\",\"Wertvolles Vogelschutzgeh\u00f6lz \\u0026 bienenfreundlich\",\"Kleiner \\u0026 kompakter Wuchs \u2013 f\u00fcr Topf oder Beet geeignet\"],\"variants\" : [ {\"sku\": \"OP-CHRJ-0133\",\"available\": true, \"compareAtPriceString\": \"\", \"priceString\": \"25,99 \u20ac\", \"compareAtPrice\": 0.0, \"price\": 25.99, \"sale\":false, \"percentage\":\"\", \"priceCurrency\" : \"EUR\", \"url\" : \"https://shop.plantura.garden/products/zierquitte-red-joy?variant=44327842677002\",\"isSet\":false}], \"handle\" : \"zierquitte-red-joy\"}, { \"name\": \"Zimmerpflanzen f\u00fcr wenig Licht (3er Set)\", \"unitPrice\" : \"\", \"compareAtPriceString\": \"82,97 \u20ac\", \"priceString\": \"69,99 \u20ac\", \"compareAtPrice\": 82.97, \"price\": 69.99, \"sale\":false, \"percentage\":\"16%\", \"badge\": \"angebot\", \"url\": \"https://shop.plantura.garden/products/zimmerpflanzen-fuer-wenig-licht-3er-set\", \"available\": true, \"availabilityInfo\":\"\", \"campaignInfo\":\"zimmerpflanzen\",\"isSet\": true, \"priceLabel\": \"Im Set\", \"compareAtPriceLabel\": \"Einzeln\",\"reviewsData\":{\"reviewCount\": 11, \"reviewAverageValue\": 4.3},\"image\": \"https://shop.plantura.garden/cdn/shop/products/plantura-zimmerpflanzen-fuer-wenig-licht-kaufen_1476x.png?v=1663154846\",\"tags\": \"angebot,bundle,eflora,gr\u00fcnpflanzen,indoor,live plants,pflanzen,pflanzenset,pot-discount,schattenpflanzen,set,wenig licht\",\"bulletPoints\": [\"Set mit 3 unkomplizierten Zimmerpflanzen f\u00fcr dunkle Ecken\",\"Perfekt f\u00fcr Stellen mit wenig Licht \u2013 auch f\u00fcr Einsteiger geeignet\",\"Monstera minima, Gl\u00fccksfeder \\u0026 Gerandeter Drachenbaum\"],\"variants\" : [ {\"sku\": \"IB-LOLI-0004\",\"available\": true, \"compareAtPriceString\": \"82,97 \u20ac\", \"priceString\": \"69,99 \u20ac\", \"compareAtPrice\": 82.97, \"price\": 69.99, \"sale\":true, \"percentage\":\"16%\", \"priceCurrency\" : \"EUR\", \"url\" : \"https://shop.plantura.garden/products/zimmerpflanzen-fuer-wenig-licht-3er-set?variant=43725388218634\",\"isSet\":true }], \"handle\" : \"zimmerpflanzen-fuer-wenig-licht-3er-set\"}, { \"name\": \"Zimmerpflanzen SOS Pflege-Set\", \"unitPrice\" : \"\", \"compareAtPriceString\": \"40,47 \u20ac\", \"priceString\": \"33,99 \u20ac\", \"compareAtPrice\": 40.47, \"price\": 33.99, \"sale\":false, \"percentage\":\"16%\", \"badge\": \"angebot\", \"url\": \"https://shop.plantura.garden/products/zimmerpflanzen-sos-pflege-set\", \"available\": true, \"availabilityInfo\":\"\", \"campaignInfo\":\"sparset-mix\",\"isSet\": true, \"priceLabel\": \"Im Set\", \"compareAtPriceLabel\": \"Einzeln\",\"reviewsData\":{\"reviewCount\": 27, \"reviewAverageValue\": 5.0},\"image\": \"https://shop.plantura.garden/cdn/shop/files/zimmerpflanzen-pflege-set-kaufen_1476x.png?v=1690964997\",\"tags\": \"angebot,aov bundle,bundle,fertilizer,fight fungus gnats,gelbtafeln,grow houseplants,liquid fertilizer,m\u00fccken,pest traps,pesticides,set,trauerfliege,trauerfliegen,trauermahlen,trauerm\u00fccke,trauerm\u00fccken,trauerm\u00fccken bek\u00e4mpfen,trauerm\u00fcckenfrei,zimmerpflanzend\u00fcnger\",\"bulletPoints\": [\"Soforthilfe f\u00fcr ungl\u00fcckliche Zimmerpflanzen mit Trauerm\u00fcckenbefall\",\"Die perfekte Kombination f\u00fcr gesunde \\u0026 kr\u00e4ftige Pflanzen\",\"Mit Bio-Zimmerpflanzend\u00fcnger, Trauerm\u00fcckenfrei Neem \\u0026 Gelbtafeln\"],\"variants\" : [ {\"sku\": \"BD-ZIPF-0003\",\"available\": true, \"compareAtPriceString\": \"40,47 \u20ac\", \"priceString\": \"33,99 \u20ac\", \"compareAtPrice\": 40.47, \"price\": 33.99, \"sale\":true, \"percentage\":\"16%\", \"priceCurrency\" : \"EUR\", \"url\" : \"https://shop.plantura.garden/products/zimmerpflanzen-sos-pflege-set?variant=44478974132490\",\"isSet\":true }], \"handle\" : \"zimmerpflanzen-sos-pflege-set\"}, { \"name\": \"Zimmerpflanzen Stecklingsbox (3 Stk.)\", \"unitPrice\" : \"\", \"compareAtPriceString\": \"\", \"priceString\": \"29,99 \u20ac\", \"compareAtPrice\": 0.0, \"price\": 29.99, \"sale\":false, \"percentage\":\"\", \"badge\": \"angebot\", \"url\": \"https://shop.plantura.garden/products/zimmerpflanzen-stecklingsbox\", \"available\": true, \"availabilityInfo\":\"\", \"campaignInfo\":\"geschenke\",\"isSet\": false, \"priceLabel\": \"\", \"compareAtPriceLabel\": \"\",\"reviewsData\":{\"reviewCount\": 10, \"reviewAverageValue\": 4.6},\"image\": \"https://shop.plantura.garden/cdn/shop/products/stecklingsbox-zimmerpflanzen-kaufen_1476x.png?v=1669804372\",\"tags\": \"bundle,calathea,eflora,indoor,korbmarante,live plants,monstera,pflanzenset,plant gifts\",\"bulletPoints\": [\"Set mit 3 Zimmerpflanzen-Stecklingen, Substrat \\u0026 Pflanzbeuteln aus Baumwolle\",\"Monstera Monkey Leaf, Syngonium podophyllum \u2018Neon robusta\u2019 \\u0026 Calathea ornata \u2018Mieli\u2019\",\"Kreative Geschenkidee zum Selberpflanzen \u2013 Zustellung direkt in den Briefkasten\"],\"variants\" : [ {\"sku\": \"GI-GRKI-0006\",\"available\": true, \"compareAtPriceString\": \"\", \"priceString\": \"29,99 \u20ac\", \"compareAtPrice\": 0.0, \"price\": 29.99, \"sale\":false, \"percentage\":\"\", \"priceCurrency\" : \"EUR\", \"url\" : \"https://shop.plantura.garden/products/zimmerpflanzen-stecklingsbox?variant=43885123797258\",\"isSet\":false}], \"handle\" : \"zimmerpflanzen-stecklingsbox\"}, { \"name\": \"Zuckerhut-Fichte \\u0026#39;Conica perfecta\\u0026#39;\", \"unitPrice\" : \"\", \"compareAtPriceString\": \"\", \"priceString\": \"29,99 \u20ac\", \"compareAtPrice\": 0.0, \"price\": 29.99, \"sale\":false, \"percentage\":\"\", \"badge\": \"angebot\", \"url\": \"https://shop.plantura.garden/products/zuckerhut-fichte-conica\", \"available\": true, \"availabilityInfo\":\"Verf\u00fcgbar ab Herbst \", \"campaignInfo\":\"pflanzen-draussen\",\"isSet\": false, \"priceLabel\": \"\", \"compareAtPriceLabel\": \"\",\"reviewsData\":{\"reviewCount\": 17, \"reviewAverageValue\": 4.7},\"image\": \"https://shop.plantura.garden/cdn/shop/files/zuckerhut-fichte-conica_1476x.png?v=1692798324\",\"tags\": \"christbaum,jeddeloh,live plants,outdoor,pflanzen,pot-discount,spruce,weihnachtsbaum\",\"bulletPoints\": [\"Dekorativer Nadelbaum mit hellgr\u00fcnen, weichen Nadeln\",\"Langsamer, kegelf\u00f6rmiger Wuchs \u2013 ideal als Weihnachtsbaum im K\u00fcbel\",\"Sehr robust, pflegeleicht \\u0026 bis -30 \u00b0C winterhart: Auch f\u00fcr Einsteiger\"],\"variants\" : [ {\"sku\": \"OP-PIGL-0102\",\"available\": true, \"compareAtPriceString\": \"\", \"priceString\": \"29,99 \u20ac\", \"compareAtPrice\": 0.0, \"price\": 29.99, \"sale\":false, \"percentage\":\"\", \"priceCurrency\" : \"EUR\", \"url\" : \"https://shop.plantura.garden/products/zuckerhut-fichte-conica?variant=43813277171978\",\"isSet\":false}], \"handle\" : \"zuckerhut-fichte-conica\"}, { \"name\": \"Z\u00fcnslerfalle Pheromonfalle f\u00fcr Buchsbaumz\u00fcnsler\", \"unitPrice\" : \"\", \"compareAtPriceString\": \"\", \"priceString\": \"24,99 \u20ac\", \"compareAtPrice\": 0.0, \"price\": 24.99, \"sale\":false, \"percentage\":\"\", \"badge\": \"angebot\", \"url\": \"https://shop.plantura.garden/products/zuenslerfalle\", \"available\": false, \"availabilityInfo\":\"\", \"campaignInfo\":\"pflanzenschutz\",\"isSet\": false, \"priceLabel\": \"\", \"compareAtPriceLabel\": \"\",\"reviewsData\":{\"reviewCount\": 72, \"reviewAverageValue\": 4.4},\"image\": \"https://shop.plantura.garden/cdn/shop/files/zuenslerfalle-plantura_1476x.png?v=1691136702\",\"tags\": \"buchsbaum,Buchsbaumz\u00fcnsler,category_n\u00fctzlinge-&-pflanzenschutz,fight box tree moths,pest traps,pheromonfalle\",\"bulletPoints\": [\"Wiederverwendbare Pheromonfalle inkl. 6 Lockstoff-Dispensern\",\"Ideal zur fr\u00fchzeitigen Befallserkennung auf einer Fl\u00e4che von bis zu 180 m\u00b2\",\"100% insektizidfrei - unbedenklich f\u00fcr Mensch \\u0026 Haustiere\"],\"variants\" : [ {\"sku\": \"FG-LIU9-B4XT\",\"available\": false, \"compareAtPriceString\": \"\", \"priceString\": \"24,99 \u20ac\", \"compareAtPrice\": 0.0, \"price\": 24.99, \"sale\":false, \"percentage\":\"\", \"priceCurrency\" : \"EUR\", \"url\" : \"https://shop.plantura.garden/products/zuenslerfalle?variant=33327634284632\",\"isSet\":false}, {\"sku\": \"B3-VAY1-PGRE\",\"available\": false, \"compareAtPriceString\": \"49,98 \u20ac\", \"priceString\": \"47,99 \u20ac\", \"compareAtPrice\": 49.98, \"price\": 47.99, \"sale\":true, \"percentage\":\"4%\", \"priceCurrency\" : \"EUR\", \"url\" : \"https://shop.plantura.garden/products/zuenslerfalle?variant=33327634317400\",\"isSet\":true }, {\"sku\": \"XW-S90G-CWL2\",\"available\": false, \"compareAtPriceString\": \"74,97 \u20ac\", \"priceString\": \"70,99 \u20ac\", \"compareAtPrice\": 74.97, \"price\": 70.99, \"sale\":true, \"percentage\":\"5%\", \"priceCurrency\" : \"EUR\", \"url\" : \"https://shop.plantura.garden/products/zuenslerfalle?variant=33327634350168\",\"isSet\":true }, {\"sku\": \"F7-BJ1L-VQH6\",\"available\": false, \"compareAtPriceString\": \"149,94 \u20ac\", \"priceString\": \"138,99 \u20ac\", \"compareAtPrice\": 149.94, \"price\": 138.99, \"sale\":true, \"percentage\":\"7%\", \"priceCurrency\" : \"EUR\", \"url\" : \"https://shop.plantura.garden/products/zuenslerfalle?variant=33327634382936\",\"isSet\":true }], \"handle\" : \"zuenslerfalle\"}, { \"name\": \"Z\u00fcnslerfrei XenTari\u00ae Mittel gegen Buchsbaumz\u00fcnsler 16 g\", \"unitPrice\" : \"\", \"compareAtPriceString\": \"\", \"priceString\": \"12,99 \u20ac\", \"compareAtPrice\": 0.0, \"price\": 12.99, \"sale\":false, \"percentage\":\"\", \"badge\": \"angebot\", \"url\": \"https://shop.plantura.garden/products/bio-zuenslerfrei-xentari-16-g\", \"available\": false, \"availabilityInfo\":\"\", \"campaignInfo\":\"pflanzenschutz\",\"isSet\": false, \"priceLabel\": \"\", \"compareAtPriceLabel\": \"\",\"reviewsData\":{\"reviewCount\": 747, \"reviewAverageValue\": 4.7},\"image\": \"https://shop.plantura.garden/cdn/shop/files/xentari-bio-zuenslerfrei-plantura_1476x.png?v=1691136319\",\"tags\": \"bacillus thuringiensis,buchsbaum,Buchsbaumz\u00fcnsler,category_n\u00fctzlinge-&-pflanzenschutz,fight box tree moths,frostspanner,kohlwei\u00dfling,pesticides,raupenfrei\",\"bulletPoints\": [\"Hocheffektive Bek\u00e4mpfung des Buchsbaumz\u00fcnslers\",\"Sorgt f\u00fcr einen sofortigen Fra\u00dfstopp der Raupen am Buchs\",\"Nicht-bienengef\u00e4hrlich (B4) - hergestellt in Deutschland\"],\"variants\" : [ {\"sku\": \"7S-QCQ3-IM6I\",\"available\": false, \"compareAtPriceString\": \"\", \"priceString\": \"12,99 \u20ac\", \"compareAtPrice\": 0.0, \"price\": 12.99, \"sale\":false, \"percentage\":\"\", \"priceCurrency\" : \"EUR\", \"url\" : \"https://shop.plantura.garden/products/bio-zuenslerfrei-xentari-16-g?variant=33327646638168\",\"isSet\":false}, {\"sku\": \"1H-D454-IQVL\",\"available\": false, \"compareAtPriceString\": \"25,98 \u20ac\", \"priceString\": \"24,99 \u20ac\", \"compareAtPrice\": 25.98, \"price\": 24.99, \"sale\":true, \"percentage\":\"4%\", \"priceCurrency\" : \"EUR\", \"url\" : \"https://shop.plantura.garden/products/bio-zuenslerfrei-xentari-16-g?variant=33327646670936\",\"isSet\":true }, {\"sku\": \"C3-9I86-O939\",\"available\": false, \"compareAtPriceString\": \"51,96 \u20ac\", \"priceString\": \"47,99 \u20ac\", \"compareAtPrice\": 51.96, \"price\": 47.99, \"sale\":true, \"percentage\":\"8%\", \"priceCurrency\" : \"EUR\", \"url\" : \"https://shop.plantura.garden/products/bio-zuenslerfrei-xentari-16-g?variant=33327646703704\",\"isSet\":true }, {\"sku\": \"I7-2P2G-HW11\",\"available\": false, \"compareAtPriceString\": \"77,94 \u20ac\", \"priceString\": \"69,99 \u20ac\", \"compareAtPrice\": 77.94, \"price\": 69.99, \"sale\":true, \"percentage\":\"10%\", \"priceCurrency\" : \"EUR\", \"url\" : \"https://shop.plantura.garden/products/bio-zuenslerfrei-xentari-16-g?variant=33327646736472\",\"isSet\":true }, {\"sku\": \"WD-ZG86-936W\",\"available\": false, \"compareAtPriceString\": \"129,90 \u20ac\", \"priceString\": \"114,99 \u20ac\", \"compareAtPrice\": 129.9, \"price\": 114.99, \"sale\":true, \"percentage\":\"11%\", \"priceCurrency\" : \"EUR\", \"url\" : \"https://shop.plantura.garden/products/bio-zuenslerfrei-xentari-16-g?variant=33327646769240\",\"isSet\":true }], \"handle\" : \"bio-zuenslerfrei-xentari-16-g\"}, { \"name\": \"Zwerg-Blutpflaume\", \"unitPrice\" : \"\", \"compareAtPriceString\": \"\", \"priceString\": \"84,99 \u20ac\", \"compareAtPrice\": 0.0, \"price\": 84.99, \"sale\":false, \"percentage\":\"\", \"badge\": \"angebot\", \"url\": \"https://shop.plantura.garden/products/zwerg-blutpflaume\", \"available\": true, \"availabilityInfo\":\"\", \"campaignInfo\":\"pflanzen-draussen\",\"isSet\": false, \"priceLabel\": \"\", \"compareAtPriceLabel\": \"\",\"reviewsData\":{\"reviewCount\": 20, \"reviewAverageValue\": 4.9},\"image\": \"https://shop.plantura.garden/cdn/shop/files/zwerg-blutpflaume-kaufen_1476x.png?v=1692798574\",\"tags\": \"asia,balcony,beefriendly,birdfriendly,blood plum,blutpflaume,cherry blossom,deciduous shrubs,flowering shrubs,foliage,fruit,jeddeloh,live plants,outdoor,pflanzen,pot-discount,prunus cistena,spring bloomer\",\"bulletPoints\": [\"Bienenfreundliche, rosa-wei\u00dfe Bl\u00fcten \\u0026 weinrote Laubf\u00e4rbung\",\"Wildobst mit essbaren, s\u00fc\u00dflich schmeckenden Fr\u00fcchten\",\"Langsamer Wuchs: Auch f\u00fcr Balkon \\u0026 Terrasse geeignet\"],\"variants\" : [ {\"sku\": \"OP-PRCI-0153\",\"available\": false, \"compareAtPriceString\": \"\", \"priceString\": \"32,99 \u20ac\", \"compareAtPrice\": 0.0, \"price\": 32.99, \"sale\":false, \"percentage\":\"\", \"priceCurrency\" : \"EUR\", \"url\" : \"https://shop.plantura.garden/products/zwerg-blutpflaume?variant=44327875215626\",\"isSet\":false}, {\"sku\": \"OP-PRCI-0152\",\"available\": true, \"compareAtPriceString\": \"\", \"priceString\": \"84,99 \u20ac\", \"compareAtPrice\": 0.0, \"price\": 84.99, \"sale\":false, \"percentage\":\"\", \"priceCurrency\" : \"EUR\", \"url\" : \"https://shop.plantura.garden/products/zwerg-blutpflaume?variant=44327875248394\",\"isSet\":false}], \"handle\" : \"zwerg-blutpflaume\"}, { \"name\": \"Zwerg-Duftflieder \\u0026#39;Palibin\\u0026#39; Hell-lila\", \"unitPrice\" : \"\", \"compareAtPriceString\": \"\", \"priceString\": \"54,99 \u20ac\", \"compareAtPrice\": 0.0, \"price\": 54.99, \"sale\":false, \"percentage\":\"\", \"badge\": \"angebot\", \"url\": \"https://shop.plantura.garden/products/zwerg-duftflieder-palibin-hell-lila\", \"available\": true, \"availabilityInfo\":\"\", \"campaignInfo\":\"pflanzen-draussen\",\"isSet\": false, \"priceLabel\": \"\", \"compareAtPriceLabel\": \"\",\"reviewsData\":{\"reviewCount\": 7, \"reviewAverageValue\": 4.4},\"image\": \"https://shop.plantura.garden/cdn/shop/files/zwerg-duftflieder-palibin-kaufen_1476x.png?v=1692799325\",\"tags\": \"balcony,beefriendly,duftflieder,flieder,flowering shrubs,jeddeloh,lilac,live plants,meyers flieder palibin,outdoor,palibin flieder,pflanzen,pot-discount,spring bloomer,syringa meyeri,zwergflieder\",\"bulletPoints\": [\"Stark duftende, hell-lila Bl\u00fctenrispen ab Mai\",\"W\u00e4chst kompakt \\u0026 halbkugelig: Ideal f\u00fcr K\u00fcbel \\u0026 kleine G\u00e4rten\",\"Insektenfreundlich, pflegeleicht \\u0026 hitzevertr\u00e4glich\"],\"variants\" : [ {\"sku\": \"OP-SYME-0246\",\"available\": false, \"compareAtPriceString\": \"\", \"priceString\": \"32,99 \u20ac\", \"compareAtPrice\": 0.0, \"price\": 32.99, \"sale\":false, \"percentage\":\"\", \"priceCurrency\" : \"EUR\", \"url\" : \"https://shop.plantura.garden/products/zwerg-duftflieder-palibin-hell-lila?variant=44327888814346\",\"isSet\":false}, {\"sku\": \"OP-SYME-0245\",\"available\": true, \"compareAtPriceString\": \"\", \"priceString\": \"54,99 \u20ac\", \"compareAtPrice\": 0.0, \"price\": 54.99, \"sale\":false, \"percentage\":\"\", \"priceCurrency\" : \"EUR\", \"url\" : \"https://shop.plantura.garden/products/zwerg-duftflieder-palibin-hell-lila?variant=44327888847114\",\"isSet\":false}], \"handle\" : \"zwerg-duftflieder-palibin-hell-lila\"}, { \"name\": \"Zwerg-Essbanane \\u0026#39;Dwarf Cavendish\\u0026#39;\", \"unitPrice\" : \"\", \"compareAtPriceString\": \"\", \"priceString\": \"32,99 \u20ac\", \"compareAtPrice\": 0.0, \"price\": 32.99, \"sale\":false, \"percentage\":\"\", \"badge\": \"angebot\", \"url\": \"https://shop.plantura.garden/products/zwerg-essbanane-dwarf-cavendish-musa-acuminata\", \"available\": true, \"availabilityInfo\":\"\", \"campaignInfo\":\"zimmerpflanzen\",\"isSet\": false, \"priceLabel\": \"\", \"compareAtPriceLabel\": \"\",\"reviewsData\":{\"reviewCount\": 19, \"reviewAverageValue\": 4.2},\"image\": \"https://shop.plantura.garden/cdn/shop/products/plantura-zwerg-essbanane-dwarf-cavendish-kaufen_1476x.png?v=1663156045\",\"tags\": \"banane,bananenbaum,bananenpflanze,bananenstaude,eflora,gr\u00fcnpflanzen,indoor,katzenfreundlich,live plants,pflanzen,pot-discount\",\"bulletPoints\": [\"Attraktive Tropen-Sch\u00f6nheit mit gro\u00dfen, gr\u00fcnen Bl\u00e4ttern \\u0026 Dschungel-Flair\",\"Ungiftig f\u00fcr Haustiere \\u0026 Menschen \u2013 einfache Vermehrung \u00fcber Kindel\",\"Perfekt f\u00fcr schon etwas erfahrene Pflanzenfreunde \u2013 f\u00fcr alle R\u00e4ume geeignet\"],\"variants\" : [ {\"sku\": \"IP-MUAC-0021\",\"available\": true, \"compareAtPriceString\": \"\", \"priceString\": \"32,99 \u20ac\", \"compareAtPrice\": 0.0, \"price\": 32.99, \"sale\":false, \"percentage\":\"\", \"priceCurrency\" : \"EUR\", \"url\" : \"https://shop.plantura.garden/products/zwerg-essbanane-dwarf-cavendish-musa-acuminata?variant=43725402603786\",\"isSet\":false}], \"handle\" : \"zwerg-essbanane-dwarf-cavendish-musa-acuminata\"}, { \"name\": \"Zwerg-Muschelzypresse Botanico\u00ae \\u0026#39;Nana Gracilis\\u0026#39;\", \"unitPrice\" : \"\", \"compareAtPriceString\": \"\", \"priceString\": \"23,99 \u20ac\", \"compareAtPrice\": 0.0, \"price\": 23.99, \"sale\":false, \"percentage\":\"\", \"badge\": \"angebot\", \"url\": \"https://shop.plantura.garden/products/zwerg-muschelzypresse-nana-gracilis\", \"available\": true, \"availabilityInfo\":\"\", \"campaignInfo\":\"pflanzen-draussen\",\"isSet\": false, \"priceLabel\": \"\", \"compareAtPriceLabel\": \"\",\"reviewsData\":{\"reviewCount\": 2, \"reviewAverageValue\": 5.0},\"image\": \"https://shop.plantura.garden/cdn/shop/files/zwerg-muschelzypresse-nana-gracilis-kaufen_1329x.png?v=1691763307\",\"tags\": \"asia,balcony,chamaecyparis,chamaecyparis obtusa,christbaum,conifer,jeddeloh,live plants,muschelzypresse,outdoor,pflanzen,pot-discount,scheinzypresse,weihnachtsbaum,zwerg muschel zypresse,zypresse\",\"bulletPoints\": [\"Immergr\u00fcne Zwerg-Zypresse mit muschelf\u00f6rmig gedrehten Trieben\",\"Kompakt, langsam wachsend \\u0026 ideal f\u00fcr kleine G\u00e4rten oder den Topf\",\"Lieferung einer mehrere Jahre alten, kr\u00e4ftigen Pflanze aus Topfkultur\\n\"],\"variants\" : [ {\"sku\": \"OP-CHOB-0092\",\"available\": true, \"compareAtPriceString\": \"\", \"priceString\": \"23,99 \u20ac\", \"compareAtPrice\": 0.0, \"price\": 23.99, \"sale\":false, \"percentage\":\"\", \"priceCurrency\" : \"EUR\", \"url\" : \"https://shop.plantura.garden/products/zwerg-muschelzypresse-nana-gracilis?variant=44374575120650\",\"isSet\":false}, {\"sku\": \"OP-CHOB-0093\",\"available\": true, \"compareAtPriceString\": \"\", \"priceString\": \"28,99 \u20ac\", \"compareAtPrice\": 0.0, \"price\": 28.99, \"sale\":false, \"percentage\":\"\", \"priceCurrency\" : \"EUR\", \"url\" : \"https://shop.plantura.garden/products/zwerg-muschelzypresse-nana-gracilis?variant=44374575153418\",\"isSet\":false}, {\"sku\": \"OP-CHOB-0094\",\"available\": false, \"compareAtPriceString\": \"\", \"priceString\": \"36,99 \u20ac\", \"compareAtPrice\": 0.0, \"price\": 36.99, \"sale\":false, \"percentage\":\"\", \"priceCurrency\" : \"EUR\", \"url\" : \"https://shop.plantura.garden/products/zwerg-muschelzypresse-nana-gracilis?variant=44374575186186\",\"isSet\":false}], \"handle\" : \"zwerg-muschelzypresse-nana-gracilis\"}, { \"name\": \"Zwerg-Weigelie \\u0026#39;Coco Krunch\\u0026#39;\u00ae Purpurrosa\", \"unitPrice\" : \"\", \"compareAtPriceString\": \"\", \"priceString\": \"29,99 \u20ac\", \"compareAtPrice\": 0.0, \"price\": 29.99, \"sale\":false, \"percentage\":\"\", \"badge\": \"angebot\", \"url\": \"https://shop.plantura.garden/products/zwerg-weigelie-coco-krunch-purpurrosa\", \"available\": true, \"availabilityInfo\":\"\", \"campaignInfo\":\"pflanzen-draussen\",\"isSet\": false, \"priceLabel\": \"\", \"compareAtPriceLabel\": \"\",\"reviewsData\":{\"reviewCount\": 2, \"reviewAverageValue\": 4.5},\"image\": \"https://shop.plantura.garden/cdn/shop/files/zwerg-weigelie-coco-krunch-kaufen_1476x.png?v=1692799451\",\"tags\": \"balcony,beefriendly,deciduous shrubs,flowering shrubs,jeddeloh,live plants,outdoor,pflanzen,pot-discount,weigela,weigela florida\",\"bulletPoints\": [\"Bienenfreundliche, purpurrosa Bl\u00fcten mit zartem Duft\",\"Au\u00dfergew\u00f6hnlicher Kontrast zwischen dunklem Laub \\u0026 rosa Bl\u00fcten\",\"Dekorative Zwerg-Weigelie: Ideal f\u00fcr Bl\u00fctenhecken oder den Topf\"],\"variants\" : [ {\"sku\": \"OP-WGFL-0171\",\"available\": true, \"compareAtPriceString\": \"\", \"priceString\": \"29,99 \u20ac\", \"compareAtPrice\": 0.0, \"price\": 29.99, \"sale\":false, \"percentage\":\"\", \"priceCurrency\" : \"EUR\", \"url\" : \"https://shop.plantura.garden/products/zwerg-weigelie-coco-krunch-purpurrosa?variant=44327891009802\",\"isSet\":false}], \"handle\" : \"zwerg-weigelie-coco-krunch-purpurrosa\"}, { \"name\": \"Zwerg-Weigelie \\u0026#39;Monet\\u0026#39;\u00ae Rosarot\", \"unitPrice\" : \"\", \"compareAtPriceString\": \"\", \"priceString\": \"26,99 \u20ac\", \"compareAtPrice\": 0.0, \"price\": 26.99, \"sale\":false, \"percentage\":\"\", \"badge\": \"angebot\", \"url\": \"https://shop.plantura.garden/products/zwerg-weigelie-monet-rosarot\", \"available\": true, \"availabilityInfo\":\"\", \"campaignInfo\":\"pflanzen-draussen\",\"isSet\": false, \"priceLabel\": \"\", \"compareAtPriceLabel\": \"\",\"reviewsData\":{\"reviewCount\": 3, \"reviewAverageValue\": 5.0},\"image\": \"https://shop.plantura.garden/cdn/shop/files/zwerg-weigelie-monet-kaufen_1378x.png?v=1691767084\",\"tags\": \"balcony,beefriendly,deciduous shrubs,flowering shrubs,jeddeloh,live plants,outdoor,pflanzen,pot-discount,weigela,weigela florida\",\"bulletPoints\": [\"Beeindruckend panaschiertes Laub in Wei\u00df, Rosa \\u0026 Gr\u00fcn\",\"Insektenfreundliche, rosarote Bl\u00fcten von Mai bis Juli\",\"W\u00e4chst aufrecht-kompakt: Ideal f\u00fcr Topf \\u0026 Beet\"],\"variants\" : [ {\"sku\": \"OP-WGFL-0172\",\"available\": true, \"compareAtPriceString\": \"\", \"priceString\": \"26,99 \u20ac\", \"compareAtPrice\": 0.0, \"price\": 26.99, \"sale\":false, \"percentage\":\"\", \"priceCurrency\" : \"EUR\", \"url\" : \"https://shop.plantura.garden/products/zwerg-weigelie-monet-rosarot?variant=44327891370250\",\"isSet\":false}], \"handle\" : \"zwerg-weigelie-monet-rosarot\"}, { \"name\": \"Zwerg-Weigelie \\u0026#39;Pink Poppet\\u0026#39; Rosa\", \"unitPrice\" : \"\", \"compareAtPriceString\": \"\", \"priceString\": \"26,99 \u20ac\", \"compareAtPrice\": 0.0, \"price\": 26.99, \"sale\":false, \"percentage\":\"\", \"badge\": \"angebot\", \"url\": \"https://shop.plantura.garden/products/zwerg-weigelie-pink-poppet-rosa\", \"available\": true, \"availabilityInfo\":\"\", \"campaignInfo\":\"pflanzen-draussen\",\"isSet\": false, \"priceLabel\": \"\", \"compareAtPriceLabel\": \"\",\"reviewsData\":{\"reviewCount\": 8, \"reviewAverageValue\": 5.0},\"image\": \"https://shop.plantura.garden/cdn/shop/files/weigelie-pink-poppet-kaufen_1329x.png?v=1692799507\",\"tags\": \"balcony,beefriendly,deciduous shrubs,flowering shrubs,jeddeloh,live plants,outdoor,pflanzen,pot-discount,weigela,weigela florida\",\"bulletPoints\": [\"Pr\u00e4chtige, rosa Bl\u00fcte von Mai bis Juni \\u0026 Nachbl\u00fcte im Herbst\",\"W\u00e4chst kompakt \u2013 ideal f\u00fcr Topf, Beet \\u0026 Bl\u00fchhecken\",\"Bienen- \\u0026 insektenfreundliches Ziergeh\u00f6lz\"],\"variants\" : [ {\"sku\": \"OP-WGFL-0175\",\"available\": true, \"compareAtPriceString\": \"\", \"priceString\": \"26,99 \u20ac\", \"compareAtPrice\": 0.0, \"price\": 26.99, \"sale\":false, \"percentage\":\"\", \"priceCurrency\" : \"EUR\", \"url\" : \"https://shop.plantura.garden/products/zwerg-weigelie-pink-poppet-rosa?variant=44327892975882\",\"isSet\":false}], \"handle\" : \"zwerg-weigelie-pink-poppet-rosa\"}, { \"name\": \"Zwergrose \\u0026#39;Lupo\\u0026#39;\u00ae Pink\", \"unitPrice\" : \"\", \"compareAtPriceString\": \"\", \"priceString\": \"24,99 \u20ac\", \"compareAtPrice\": 0.0, \"price\": 24.99, \"sale\":false, \"percentage\":\"\", \"badge\": \"angebot\", \"url\": \"https://shop.plantura.garden/products/zwergrose-lupo-pink\", \"available\": false, \"availabilityInfo\":\"\", \"campaignInfo\":\"pflanzen-draussen\",\"isSet\": false, \"priceLabel\": \"\", \"compareAtPriceLabel\": \"\",\"reviewsData\":{\"reviewCount\": 5, \"reviewAverageValue\": 4.6},\"image\": \"https://shop.plantura.garden/cdn/shop/files/zwergrose-lupo-kaufen_1476x.png?v=1692799058\",\"tags\": \"adr rose,balcony,beefriendly,beetrose,bodendeckerrose,drought tolerant,flowering shrubs,live plants,outdoor,pflanzen,pot-discount,reiners,rose,zwergrose\",\"bulletPoints\": [\"Bienenfreundliche \\u0026 ausdauernde Bl\u00fcten in zauberhaftem Pink bis Karminrot\",\"Attraktive Hagebutten \u2013 auch im Herbst eine wahre Zierde\",\"ADR-Rose: Sehr gute Gesundheit, hitzevertr\u00e4glich \\u0026 regenfest\"],\"variants\" : [ {\"sku\": \"OP-ROLU-0370\",\"available\": false, \"compareAtPriceString\": \"\", \"priceString\": \"24,99 \u20ac\", \"compareAtPrice\": 0.0, \"price\": 24.99, \"sale\":false, \"percentage\":\"\", \"priceCurrency\" : \"EUR\", \"url\" : \"https://shop.plantura.garden/products/zwergrose-lupo-pink?variant=44479150620938\",\"isSet\":false}, {\"sku\": \"OP-ROLU-0406\",\"available\": false, \"compareAtPriceString\": \"49,98 \u20ac\", \"priceString\": \"46,99 \u20ac\", \"compareAtPrice\": 49.98, \"price\": 46.99, \"sale\":true, \"percentage\":\"6%\", \"priceCurrency\" : \"EUR\", \"url\" : \"https://shop.plantura.garden/products/zwergrose-lupo-pink?variant=44479150653706\",\"isSet\":true }, {\"sku\": \"OP-ROLU-0407\",\"available\": false, \"compareAtPriceString\": \"99,96 \u20ac\", \"priceString\": \"89,99 \u20ac\", \"compareAtPrice\": 99.96, \"price\": 89.99, \"sale\":true, \"percentage\":\"10%\", \"priceCurrency\" : \"EUR\", \"url\" : \"https://shop.plantura.garden/products/zwergrose-lupo-pink?variant=44479150686474\",\"isSet\":true }, {\"sku\": \"OP-ROLU-0408\",\"available\": false, \"compareAtPriceString\": \"199,92 \u20ac\", \"priceString\": \"169,99 \u20ac\", \"compareAtPrice\": 199.92, \"price\": 169.99, \"sale\":true, \"percentage\":\"15%\", \"priceCurrency\" : \"EUR\", \"url\" : \"https://shop.plantura.garden/products/zwergrose-lupo-pink?variant=44479150719242\",\"isSet\":true }], \"handle\" : \"zwergrose-lupo-pink\"}] }\nvia", "language": null, "image": "https://www.plantura.garden/wp-content/uploads/2020/03/thymian-oel-heilmittel.jpg", "pagetype": "article", "links": ["https://shop.plantura.garden/?promo_id=shop&promo_name=button-shop&promo_creative=1&promo_position=banner-top", "https://www.plantura.garden/", "#", null, "https://www.plantura.garden/gemuese", "https://www.plantura.garden/obst", "https://www.plantura.garden/kraeuter", null, "https://www.plantura.garden/rasen", "https://www.plantura.garden/blumen-stauden", "https://www.plantura.garden/gehoelze", null, "https://www.plantura.garden/nuetzlinge", "https://www.plantura.garden/pflanzenkrankheiten", "https://www.plantura.garden/schaedlinge", "https://www.plantura.garden/gartenpraxis", "https://www.plantura.garden/gartengestaltung", "https://www.plantura.garden/gartenkalender", null, "https://www.plantura.garden/gruenes-leben", "https://www.plantura.garden/zimmerpflanzen", null, "https://www.plantura.garden/insekten", "https://www.plantura.garden/gartenvoegel", "https://www.plantura.garden/gartentiere", null, "https://www.plantura.garden/unsere-marke", "https://www.plantura.garden/team", "https://www.plantura.garden/karriere", "https://shop.plantura.garden/?promo_id=shop&promo_name=button-shop&promo_creative=1&promo_position=menu", "https://plantura.garden/app/?utm_source=magazine&utm_campaign=menu", "https://shop.plantura.garden/?promo_id=shop&promo_name=button-shop&promo_creative=1&promo_position=menu", "https://shop.plantura.garden/?promo_id=shop&promo_name=shop&promo_position=mobile-header-banner", null, "https://www.plantura.garden/gemuese", "https://www.plantura.garden/obst", "https://www.plantura.garden/kraeuter", null, "https://www.plantura.garden/rasen", "https://www.plantura.garden/blumen-stauden", "https://www.plantura.garden/gehoelze", null, "https://www.plantura.garden/nuetzlinge", "https://www.plantura.garden/pflanzenkrankheiten", "https://www.plantura.garden/schaedlinge", "https://www.plantura.garden/gartenpraxis", "https://www.plantura.garden/gartengestaltung", "https://www.plantura.garden/gartenkalender", null, "https://www.plantura.garden/gruenes-leben", "https://www.plantura.garden/zimmerpflanzen", null, "https://www.plantura.garden/insekten", "https://www.plantura.garden/gartenvoegel", "https://www.plantura.garden/gartentiere", null, "https://www.plantura.garden/unsere-marke", "https://www.plantura.garden/team", "https://www.plantura.garden/karriere", "https://shop.plantura.garden/?promo_id=shop&promo_name=button-shop&promo_creative=1&promo_position=menu", "https://plantura.garden/app/?utm_source=magazine&utm_campaign=menu", "https://shop.plantura.garden/?promo_id=shop&promo_name=button-shop&promo_creative=1&promo_position=menu", "http://www.plantura.garden", "https://www.plantura.garden/gruenes-leben", "https://www.plantura.garden/gruenes-leben/gesundheit", "#", "#Thymian", "#Koriander", "#Sauerampfer", "#Kuemmel", "#Sonnenhut", "#Oregano", "#Petersilie", "#Salbei", "#Kamille", "#Rosmarin", "#Zitronenmelisse", "https://www.plantura.garden/kraeuter/thymian/thymian-pflanzenportrait", "https://www.plantura.garden/kraeuter/koriander/koriander-pflanzenportrait", "https://www.plantura.garden/kraeuter/sauerampfer/sauerampfer-pflanzenportrait", "https://www.plantura.garden/kraeuter/kuemmel/kuemmel-pflanzenportrait", "https://www.plantura.garden/gruenes-leben/gesundheit/kraeuter-gegen-erkaeltungen", "https://www.plantura.garden/blumen-stauden/scheinsonnenhut/scheinsonnenhut-pflanzenportrait", "https://www.plantura.garden/kraeuter/oregano/oregano-pflanzenportrait", "https://www.plantura.garden/kraeuter/petersilie/petersilie-pflanzenportrait", "https://shop.plantura.garden/products/bio-kraeuter-und-aussaaterde-20-l?promo_id=plantura-product-test-kraeutererde&promo_name=kraeutererde-text-link&promo_creative=creative-1&promo_position=text-link", "https://shop.plantura.garden/products/bio-kraeuter-und-aussaaterde-20-l?promo_id=erden&promo_name=bio-kraeuter-und-aussaaterde-20-l&promo_position=pp", "https://www.plantura.garden/kraeuter/salbei/salbei-pflanzenportrait", "https://www.plantura.garden/kraeuter/kamille/echte-kamille", "https://www.plantura.garden/kraeuter/rosmarin/rosmarin-pflanzen", "https://www.plantura.garden/kraeuter/zitronenmelisse/zitronenmelisse-pflanzenportrait", "https://www.plantura.garden/gemuese/ingwer/ingwer-pflanzenportrait", "https://www.plantura.garden/gemuese/kurkuma/kurkuma-pflanzenportrait", "https://www.plantura.garden/gemuese/knoblauch/knoblauch-pflanzenportrait", "https://www.plantura.garden/gemuese/meerrettich/meerrettich-pflanzen", "https://shop.plantura.garden/products/kraeuter-anzuchtset?promo_id=plantura-product-test-kraeuter-set&promo_name=kraeuter-set-pp-einzel&promo_creative=creative-1&promo_position=pp-einzel", "https://shop.plantura.garden/products/kraeuter-anzuchtset?promo_id=saatgut&promo_name=kraeuter-anzuchtset&promo_position=pp", "https://www.plantura.garden/gruenes-leben/ernaehrung/basische-kraeuter", "https://plantura.garden/app/?utm_source=magazine&utm_campaign=sidebar", "https://shop.plantura.garden/products/einpflanzbarer-kalender?promo_id=geschenke&promo_name=einpflanzbarer-kalender&promo_position=sidebar", "https://shop.plantura.garden/products/bio-herbstrasenduenger-10-5-kg?promo_id=duenger&promo_name=bio-herbstrasenduenger-10-5-kg&promo_position=sidebar", "https://shop.plantura.garden/products/rispenhortensie-living-creations-living-pink-und-rose?promo_id=pflanzen-draussen&promo_name=rispenhortensie-living-creations-living-pink-und-rose&promo_position=sidebar", "https://shop.plantura.garden/policies/privacy-policy", "https://www.plantura.garden/gruenes-leben/gesundheit/kiefer-als-heilmittel", "https://www.plantura.garden/gruenes-leben/gesundheit/kiefer-als-heilmittel", "https://www.plantura.garden/gruenes-leben/gesundheit/hausmittel-gegen-trockene-kopfhaut", "https://www.plantura.garden/gruenes-leben/gesundheit/hausmittel-gegen-trockene-kopfhaut", "https://www.plantura.garden/gruenes-leben/gesundheit/hausmittel-gegen-trockene-haut", "https://www.plantura.garden/gruenes-leben/gesundheit/hausmittel-gegen-trockene-haut", "https://www.plantura.garden/gruenes-leben/gesundheit/gaertnern-macht-gesund", "https://www.plantura.garden/gruenes-leben/gesundheit/gaertnern-macht-gesund", "https://www.plantura.garden/gruenes-leben/gesundheit/neemoel-fuer-die-haut", "https://www.plantura.garden/gruenes-leben/gesundheit/neemoel-fuer-die-haut", "https://www.plantura.garden/gruenes-leben/gesundheit/gefaehrliche-pflanzen-in-der-schwangerschaft", "https://www.plantura.garden/gruenes-leben/gesundheit/gefaehrliche-pflanzen-in-der-schwangerschaft", "https://www.plantura.garden/unsere-marke", "https://www.plantura.garden/team", "https://www.plantura.garden/karriere", "https://shop.plantura.garden/pages/ueberuns", "https://www.plantura.garden/newsletter-anmelden-gartenpost/", "https://plantura.garden/uk/", "https://shop.plantura.garden/?promo_id=shop&promo_name=button-shop&promo_creative=1&promo_position=main-page", "https://plantura.garden/app/?utm_source=magazine&utm_campaign=footer", "https://apps.apple.com/app/apple-store/id1555067486?pt=122463298&ct=magazine_footer_na&mt=8", "https://play.google.com/store/apps/details?id=garden.plantura.app.main&referrer=utm_source%3Dmagazine%26utm_campaign%3Dfooter%26utm_content%3Dna", "https://www.facebook.com/plantura.garden/", "https://www.pinterest.de/plantura/", "https://www.instagram.com/planturagarden/", "https://www.youtube.com/channel/UCq2WTVR37WBBeoyQsi6AC2w", "https://www.plantura.garden/gartenpraxis/gartenarbeiten/pflanzen-giessen", "https://www.plantura.garden/gruenes-leben/kinder-und-haustiere/kraeuter-fuer-katzen", "https://www.plantura.garden/gemuese/tomaten/tomaten-schaedlinge", "https://www.plantura.garden/gartenpraxis/ueberblick/kuebelpflanzen", "https://www.plantura.garden/insekten/bienen/bienenweide-anlegen", "https://www.plantura.garden/schaedlinge/buchsbaumzuensler/buchsbaumzuensler-falter", "https://www.plantura.garden/schaedlinge/laeuse/blattlaeuse-bekaempfen", "https://www.plantura.garden/schaedlinge/motten/kleidermotten", "https://www.plantura.garden/schaedlinge/laeuse/wolllaeuse", "https://www.plantura.garden/schaedlinge/kaefer/kartoffelkaefer", "https://www.plantura.garden/zimmerpflanzen/zimmerpflanzen-uebersicht/pflanzen-im-schlafzimmer", "https://www.plantura.garden/zimmerpflanzen/alocasia/alocasia-zebrina", "https://www.plantura.garden/zimmerpflanzen/gluecksfeder/gluecksfeder-pflanzenportrait", "https://www.plantura.garden/zimmerpflanzen/zimmerpflanzen-uebersicht/ungiftige-zimmerpflanzen-fuer-katzen", "https://www.plantura.garden/zimmerpflanzen/glueckskastanie/glueckskastanie-pflanzenportrait", "https://www.plantura.garden/rasen/neu-anlegen/rasen-saeen", "https://www.plantura.garden/rasen/sorten/trockenrasen", "https://www.plantura.garden/rasen/probleme/engerlinge-im-rasen", "https://www.plantura.garden/rasen/duengen/rasen-duengen-im-sommer", "https://www.plantura.garden/rasen/reparieren/rasen-ausbessern-und-reparieren", "https://shop.plantura.garden/policies/legal-notice", "https://shop.plantura.garden/policies/privacy-policy", "https://shop.plantura.garden/?promo_id=alle-produkte&promo_name=shop&promo_creative=spotlight&promo_position=cpr-article-upper", "https://shop.plantura.garden/products/einpflanzbarer-kalender?promo_id=geschenke&promo_name=einpflanzbarer-kalender&promo_creative=spotlight&promo_position=cpr-article-upper", "https://shop.plantura.garden/products/einpflanzbarer-kalender?promo_id=geschenke&promo_name=einpflanzbarer-kalender&promo_creative=spotlight&promo_position=cpr-article-upper", "https://shop.plantura.garden/products/einpflanzbarer-kalender?promo_id=geschenke&promo_name=einpflanzbarer-kalender&promo_creative=spotlight&promo_position=cpr-article-upper", "https://shop.plantura.garden/products/blattschmuck-zimmerpflanzen-4er-set?promo_id=zimmerpflanzen&promo_name=blattschmuck-zimmerpflanzen-4er-set&promo_creative=spotlight&promo_position=cpr-article-upper", "https://shop.plantura.garden/products/blattschmuck-zimmerpflanzen-4er-set?promo_id=zimmerpflanzen&promo_name=blattschmuck-zimmerpflanzen-4er-set&promo_creative=spotlight&promo_position=cpr-article-upper", "https://shop.plantura.garden/products/blattschmuck-zimmerpflanzen-4er-set?promo_id=zimmerpflanzen&promo_name=blattschmuck-zimmerpflanzen-4er-set&promo_creative=spotlight&promo_position=cpr-article-upper", "https://shop.plantura.garden/products/kraeuter-anzuchtset?promo_id=saatgut&promo_name=kraeuter-anzuchtset&promo_creative=spotlight&promo_position=cpr-article-upper", "https://shop.plantura.garden/products/kraeuter-anzuchtset?promo_id=saatgut&promo_name=kraeuter-anzuchtset&promo_creative=spotlight&promo_position=cpr-article-upper", "https://shop.plantura.garden/products/kraeuter-anzuchtset?promo_id=saatgut&promo_name=kraeuter-anzuchtset&promo_creative=spotlight&promo_position=cpr-article-upper", "https://shop.plantura.garden/products/buch-regrow-your-veggies?promo_id=geschenke&promo_name=buch-regrow-your-veggies&promo_creative=spotlight&promo_position=cpr-article-upper", "https://shop.plantura.garden/products/buch-regrow-your-veggies?promo_id=geschenke&promo_name=buch-regrow-your-veggies&promo_creative=spotlight&promo_position=cpr-article-upper", "https://shop.plantura.garden/products/buch-regrow-your-veggies?promo_id=geschenke&promo_name=buch-regrow-your-veggies&promo_creative=spotlight&promo_position=cpr-article-upper", "javascript:void(0)", "https://shop.plantura.garden/collections/motten-bekaempfen", "https://shop.plantura.garden/collections/motten-bekaempfen"]}