{"title": "PDF", "author": "PDF", "url": "https://www.medicom.de/lebennurbesser/wp-content/uploads/2019/10/online_katalog_herbst_winter_19_low.pdf", "hostname": "PDF", "description": "PDF", "sitename": "PDF", "date": "PDF", "id": "PDF", "license": "PDF", "body": "PDF", "comments": "PDF", "commentsbody": "PDF", "raw_text": "PDF", "text": "MAGAZIN \u2022 PRODUKTSELEKTION#LEBENNURBESSERHerbst / Winter 2019S._ 3\nDauerstress, Depression, Burn-out. Viele Menschen in unserer Gesellschaft f\u00fchlen sich \nemotional und k\u00f6rperlich verausgabt. Deswegen ist Selbstf\u00fcrsorge wichtig, so die These \nvon Diplom-Psychologin Ulrike Scheuermann. Sie ist die Basis f\u00fcr das Gleichgewicht von \nK\u00f6rper und Geist. Denn das Ziel ist, ein gesundes Leben zu entwickeln \u2013 mit stabilem \nSelbstwert, innerer St\u00e4rke und Gelassenheit.\nUlrike Scheuermann erkl\u00e4rt, warum Selbstf\u00fcrsorge so wichtig ist und wie man damit die \neigene Lebensqualit\u00e4t und auch die seines Umfeldes verbessern kann.\nMedicom:  Selfcare beziehungsweise Selbstf\u00fcrsorge \nist essenziell f\u00fcr ein gutes Leben, und dennoch \nleben die meisten Menschen im Glauben, dass \nes etwas ist, was man gar nicht tun darf. \nUlrike Scheuermann:  Wir wissen alle, dass wir auf -\ngefordert sind, etwas f\u00fcr uns selbst zu tun. Sport \nmachen, sich gesund ern\u00e4hren etc. Wenn man \ndas aber richtig benennen m\u00f6chte, nennt man \nes wie in meinem Buch \u201eSelf Care \u2013 Du bist wert-\nvoll\u201c. Dann h\u00f6rt man jedoch oft: Das ist doch \negoistisch, das gibt es doch schon genug in \nunserer Gesellschaft. In der Tat ist es aber so, \ndass diese Selbstf\u00fcrsorge so wichtig ist, weil sie \ndie Wurzel, die Basis f\u00fcr alles ist, was wir darauf \naufbauen. Und, wie ich am Ende des Buches \nauch feststelle: Selfcare ist Worldcare. Wenn wir \nein gutes Selbstmitgef\u00fchl haben, k\u00f6nnen wir we-\nsentlich mitf\u00fchlender mit anderen und somit mit \nder ganzen Welt sein. \nMedicom:  Man hat auch nur dann die Kraft, die \nman ben\u00f6tigt, um f\u00fcr andere zu sorgen.\nUlrike Scheuerman:  Viele Menschen, mit denen ich \narbeite, sind zu sehr verausgabt. Und sie sind \nersch\u00f6pft, weil sie \u201ezu gut\u201c f\u00fcr andere gesorgt \nhaben und nicht f\u00fcr sich selbst, und dann geht \nirgendwann schlichtweg gar nichts mehr.Medicom:  Aber um wirklich Selbstf\u00fcrsorge betrei-\nben zu k\u00f6nnen, m\u00fcssen manche erst einmal \nwieder lernen in den eigenen K\u00f6rper hineinzu -\nh\u00f6ren, ihm zuzuh\u00f6ren, weil man sich mittlerweile \nviel zu sehr nach au\u00dfen orientiert und die Sig-\nnale des K\u00f6rpers nicht mehr versteht. Wie kann \nman zur\u00fcckfinden?\nUlrike Scheuermann:  Die eigene K\u00f6rperweisheit wie-\nderzuentdecken, ist ein sehr wichtiger Punkt. Wir \nbekommen von au\u00dfen viele Botschaften und \nTipps zum Thema Bewegung, es gibt zahlreiche \nApps und Ratgeber. Das ist auch gut so, es kann \njedoch dazu f\u00fchren, dass man die eigenen und \nsehr individuellen Botschaften des K\u00f6rpers nicht \nmehr wahrnimmt. Man muss sich immer wieder \nauf den eigenen K\u00f6rper besinnen und ein feines \nK\u00f6rpergef\u00fchl entwickeln. Man kann den K\u00f6rper \nals Kompass nutzen und danach reagieren. Wie \nzum Beispiel bei einer \u00dcberanstrengung.Interview: Selbstf\u00fcrsorge \u2013 die Basis f\u00fcr alles\nLesen Sie weiter! \nDas komplette Interview \nfinden Sie im Online-Magazin \nhttps://bit.ly/2nKYO9o S._ 5\nWeitere Produktinformationen im Internet unter www.medicom.de Traditionell angewendet in der \n ayurvedischen Heilkunde \n Hochwertiges Shatavaripulver aus  \n der Wurzel\n Aus kontrolliert biologischem Anbau \nnur 16,90 \u20ac\n60 Kapseln\n(1 Pck = 20,8  g, Grundpreis: 81,25 \u20ac/100 g)Geheimtipp aus dem AyurvedaNEU!\nThemen / Neuprodukt\nDIE FRAU IM   \nAYURVEDA\nDer wilde Spargel\nAls traditionelles Mittel zur St\u00e4rkung von \nK\u00f6rper und Geist und zur Unterst\u00fctzung \nder Verdauung hat sich die Spargelart im \nAyurveda einen Namen gemacht. Vor allem \nf\u00fcr Frauen spielt Shatavari seit alters her eine \nherausragende Rolle. So sollen die Wurzeln \nder Pflanze positive Effekte auf den weiblichen \nOrganismus haben. S._ 6 S._ 7Shatavari \u2013 Holen Sie sich den Ayurveda-  \nAusgleich nach Hause\nNaturprodukte sind gefragt insbesondere bei \nFrauen. Darum nehmen wir aus dem fernen In-\ndien und der Naturlehre Ayurveda folgend Sha -\ntavari ins Produktsortiment auf. \n\u00dcbersetzt wird der Name Shatavari als \u201eDie Frau, \ndie hundert M\u00e4nner besitzt\u201c, was schon darauf \nschlie\u00dfen l\u00e4sst, wie au\u00dferordentlich gut die Heil-\npflanze mit dem weiblichen Geschlecht harmo -\nnisiert. In allen naturkundlichen Heilslehren und \nauch im indischen Ayurveda spielt die Frau eine \nwichtige Rolle. Sie schenkt Leben, ern\u00e4hrt das \nNeugeborene aus eigener Kraft und ihrem We-\nsen wohnt ein geheimnisvoller Rhythmus inne. \nGeht es der Mutter gut, geht es dem Kind gut. \nGeht es der Frau gut, geht es der Gesellschaft \ngut. Manchmal k\u00f6nnen die Dinge so einfach sein. \nGenau aus dem Grund schenken Frauen wie \nM\u00e4nner dem weiblichen Wohlbefinden beson-\ndere Aufmerksamkeit. Sportliche Aktivit\u00e4ten, ge-\nsunde Ern\u00e4hrung und mentaler Ausgleich spie-\nlen hier eine Rolle\nWonder Woman \u2013 Ein Dilemma  \nIn der modernen Welt sind wir alle aufgefordert, \ndie von au\u00dfen an uns gestellten Anforderungen \nmit unseren eigenen Bed\u00fcrfnissen zu vereinen. \nDiese Aufgabe wird deutlich untersch\u00e4tzt, das \nGeschlecht spielt dabei keine Rolle. M\u00f6glicher -weise sehen sich Frauen jedoch st\u00e4rker in der \nPflicht, allem gerecht zu werden und verlieren \nden Kontakt zu sich selbst. K\u00f6rperlicher Ausdruck \ndieses \u201eGetrenntseins\u201c bzw. der starken Belas-\ntung k\u00f6nnen von andauernd verspanntem Mus-\nkeltonus, \u00fcber schlechtem Stoffwechsel bis hin \nzu verminderter Libido und Gereiztheit reichen. \nShatavari: Segenvoll f\u00fcr Frauen...  \nDer kleine, dornige Busch Shatavari ist in Indien \nund dem Himalaya zuhause. Er z\u00e4hlt zu der Fa-\nmilie der Spargelgew\u00e4chse und wird auch wil-\nder Spargel (Asparagus racemosus) genannt. In \nder Naturheilkunde kommt haupts\u00e4chlich die \nShatavari-Wurzel zum Einsatz. Die Inhaltsstoffe \nder Pflanze sollen laut dem Ayurveda das Ka-\npha-Dosha st\u00e4rken und die hitzigen Eigenschaf -\nten von Vata und Pitta harmonisieren. So ver-\nwundert es nicht, dass Shatavari insbesondere \nin den verschiedenen weiblichen Zyklen und bei \nstetigem Unwohlsein zum Einsatz kommt. \n... und f\u00fcr M\u00e4nner\nAls Allrounder bei Frauenthemen in Indien und \nin der indischen Heilslehre Ayurveda beliebt, fin-\ndet die Wurzel auch ihren Einsatz bei M\u00e4nnern. \n\u00c4hnlich wie auch mit Maca profitiert die m\u00e4nn -\nliche Vitalit\u00e4t von der regelm\u00e4\u00dfigen Einnahme.Shopping Tipp\nWir verraten Ihnen, warum es sich lohnt, \ngenauer einen Blick auf Shatavari zu \nwerfen.\n Saponine und Alkaloide.\n Tipp: Mehr erfahren auf  \n Pharmawiki.\n www.pharmawiki.chThemen / Neuprodukt\nShatavari enth\u00e4lt folgende Inhaltsstoffe:S._ 9\nWeitere Produktinformationen im Internet unter www.medicom.de\u00d6KO-Kontrollstelle: DE-\u00d6KO-003MEDICOM TERRA\u00ae \nMEDICOM TERRA \u00ae besteht aus hochwertigen Naturprodukten mit einzigartigen, exklusiven \nInhaltsstoffen. Seit 2016 bietet Medicom diese moderne Clean-Label-Serie mit Klassikern \nund Exoten aus aller Welt an. \n  Premiumqualit\u00e4t seit mehr als 20 Jahren \n  Hochwertige nat\u00fcrliche Inhaltsstoffe\n  Beste Rohstoffe und Produktionsstandards (GMP)\n  Hergestellt ausschlie\u00dflich in der Schweiz, Deutschland und Spanien\nDie MEDICOM TERRA \u00ae-Naturlinie steht f\u00fcr Nat\u00fcrlichkeit, Transparenz und \u00c4sthetik. \nDie meisten Produkte sind gluten- und laktosefrei. Viele sind vegan und biozertifiziert. \nIndividuell f\u00fcr jeden Lebensstil.Themen / Terra\nNEU!\nNATUR  \nPURS._ 10 S._ 11\n Hanfproteinpulver \u2013 besonders  \n gute Proteinquelle mit mind. 50 %  \n Proteingehalt \n Optimale Eiwei\u00dfversorgung: liefert  \n alle essentiellen Aminos\u00e4uren\n Proteine tragen zum Erhalt und zur  \n Zunahme der Muskelmasse bei \n Hergestellt aus bestem Bio-Hanf  \n europ\u00e4ischer Herkunft \nnur 29,90 \u20ac\n600 g Pulver\n(1 Dose = 600 g, Grundpreis: 49,83 \u20ac/1 kg)Proteinreich leben\nMedicom Qualit\u00e4tsversprechen: Hochwer-\ntiges Hanfproteinpulver aus Europa\nMit nur 2 gestrichenen Dosierl\u00f6ffeln Hanf-  \nproteinpulver tragen Sie zu einer protein-\nreichen Ern\u00e4hrung bei. Milch, Smoothies, \nS\u00e4fte, Joghurt, Quark oder M\u00fcsli k\u00f6nnen Sie \nmit Hanfproteinpulver anreichern und als \nnat\u00fcrliche Proteinquelle genie\u00dfen. Das Pulver \nschmeckt zart-nussig. Wir denken nicht, immerhin ist das \u00e4lteste, bekannte Lehrbuch (Charaka-Samhita) zum \nAyurveda \u00fcber 2.500 Jahre alt. Ayurveda ist \u2013 einfach gesagt \u2013 die alte Lebens- und \nHeilkunde Indiens. Das Besondere am Ayurveda ist seine umfassende Sicht auf das Leben.\nWeitere Produktinformationen im Internet unter www.medicom.deAyurveda \u2013\nMal wieder so ein Trend?\nDie vier S\u00e4ulen der Gesundheit im Ayurveda\nK\u00f6rper, Geist, Sinne und Spiritualit\u00e4t sind die \nvier S\u00e4ulen der Lebenskraft, die neben den aus -\ngeglichenen Bioenergien (Doshas) eine Rolle in \nder ayurvedischen Gesundheitslehre spielen.\nDer K\u00f6rper  ben\u00f6tigt eine ausgewogene Ern\u00e4h -\nrung mit frischen Lebensmitteln, um ihn ausrei -\nchend mit Energie zu versorgen. Funktioniert \ndie Verdauung, kann die Lebenskraft flie\u00dfen. \nDer Geist  kommt vor lauter Betriebsamkeit zu \nkurz bzw. wird \u00fcberreizt, und wir haben schnell \ndas Gef\u00fchl, in einer Gedankenschleife festzu -\nstecken. Eine positive Grundhaltung dem Le -ben gegen\u00fcber und ein zufriedener wie offener \nGeist, helfen die Anforderungen des Alltags ge -\nlassener anzugehen. Meditationen unterst\u00fct -\nzen Sie dabei, Lachen ist die beste Medizin und \ndas Aufrufen von zufriedenen Momenten in \nstressigen Situationen sch\u00fcttet Gl\u00fcckshormo -\nne aus. Das A und O aber ist der Schlaf. Sorgen \nSie stets f\u00fcr eine erholsame Nachtruhe. \n(Mehr dazu auf Seite 59)\nDie f\u00fcnf Sinne  Sehen, Riechen, Schmecken, \nH\u00f6ren und F\u00fchlen sollten m\u00f6glichst oft mit  \npositiven Empfindungen \u201egef\u00fcttert\u201c werden. \nSo ben\u00f6tigen die Augen Pausen von elektro-  \nnischen Ger\u00e4ten, frische Luft st\u00e4rkt das Riech -\norgan, frische Lebensmittel verw\u00f6hnen den \nGaumen, positive Nachrichten und Stimmun-  \ngen schmeicheln unserem H\u00f6rsinn, Ber\u00fch-  \nrungen und Intimit\u00e4ten erf\u00fcllen uns mit  \nGl\u00fcck. Entscheiden Sie sich bewusst f\u00fcr  \nst\u00e4rkende Ma\u00dfnahmen und l\u00f6sen Sie sich  \nvon schw\u00e4chenden wie beispielsweise das  \nRauchen.\nSpiritualit\u00e4t  \nBei der spirituellen Haltung geht es darum, \nachtsam mit sich und dem Leben umzugehen. \nSelbstliebe, Zeit und Ruhe sowie Dankbarkeit \nhelfen gesund und energiegeladen zu bleiben.S._ 12 S._ 13\nWeitere Produktinformationen im Internet unter www.medicom.de Hochwertiger Curryblatt-Extrakt  \n mit 3 % nat\u00fcrlichem Eisen\n Hochwertiger Hagebutten-Extrakt  \n mit 45 % nat\u00fcrlichem Vitamin C\n Eisen und Vitamin C tragen zum \n normalen Energiestoffwechsel bei \n Vitamin C erh\u00f6ht die Eisenaufnahme\nnur 19,40 \u20ac\n60 Kapseln  \n(1 Pck = 21,4 g, Grundpreis: 90,65 \u20ac/100 g)Eisen aus nat\u00fcrlicher QuelleThemen / Terra\nAls wir \u00fcber Elas Rezept gestolpert sind, konnten wir nicht anders: Gl\u00fcck soll man teilen! \nSie selber schreibt auf ihrer Seite: \u201eIch mache keinen Scherz, dieser Kuchen ist so lecker, \ntotal schokoladig, obwohl er vegan, glutenfrei, \u00f6lfrei und frei von raffiniertem Zucker \nist! Schokoladenkuchen haben einen schlechten Ruf, weil sie normalerweise Tonnen \nvon Zucker, Eier und Butter enthalten, aber nicht dieser Zucchini-Schokoladenkuchen!\u201c  \nSie sollten ihn einfach selbst probieren.Zucchini-Schokoladenkuchen RezeptVegan, glutenfrei, \u00f6lfrei\nCurryblatt:  \n14 mg Eisen \npro Tagesdosis  \n(2 Kapseln)\n/elavegan /elaveganLaut Weltgesundheitsorganisation (WHO) ist \nEisenmangel einer der h\u00e4ufigsten Mangel- \nzust\u00e4nde. Dabei trifft es nicht nur Vegetarier \nund Veganer. Die empfohlene t\u00e4gliche \nZufuhr f\u00fcr Erwachsene ab 19 Jahren liegt bei \nM\u00e4nnern bei 10 mg Eisen und bei Frauen \nsogar bei 15 mg.\nGute Eisenquellen\nK\u00fcrbiskerne: 12,5 Milligramm Eisen pro 100 g\nAmaranth: 9 Milligramm Eisen pro 100 g\nLeinsamen: 8,2 Milligramm Eisen pro 100 g\nQuinoa: 8 Milligramm Eisen pro 100 g\nPistazien: 7,3 Milligramm Eisen pro 100 gS._ 14 S._ 15\nWeitere Produktinformationen im Internet unter www.medicom.deMEDICOM TERRA \u00ae und Achtsamkeit\nAchtsamkeit ist eine lebenslange, pers\u00f6nliche \nEntwicklungspraxis und keine schnelle L\u00f6sung. Sie \nerfordert den Aufbau einer neuen Denkweise, die \nnachhaltig wirkt, anstatt Abk\u00fcrzungen zu nehmen. Enth\u00e4lt 600 mg Bio-Matcha  \n in 2 Kapseln\n Regt an ohne aufzuregen\n Echte Japan-Qualit\u00e4t\nnur 18,90 \u20ac\n60 Kapseln  \n(1 Pck = 24 g, Grundpreis: 78,75 \u20ac/100 g) Enth\u00e4lt 800 mg Moringa-Extrakt  \n (Moringa oleifera) in 2 Kapseln\n Moringa ist eine n\u00e4hrstoffreiche  \n Pflanze\n Traditionell angewendet in der  \n indischen Medizin (Ayurveda)\nnur 18,90 \u20ac\n60 Kapseln  \n(1 Pck = 34,3 g, Grundpreis: 55,10 \u20ac/100 g)\nWussten Sie?  Hochwertiger Extrakt aus der  \n Gelbwurz (Curcuma longa) mit  \n 95 % Curcuminoiden\n Mit schwarzem Pfeffer angereichert  \n f\u00fcr eine optimierte Bioverf\u00fcgbarkeit\n Leicht zu \u00f6ffnende Steckkapsel\nnur 19,50 \u20ac\n60 Kapseln  \n(1 Pck = 23,8 g, Grundpreis: 81,93 \u20ac/100 g) Themen / Terra\nAsiatischer \nKlassikerMorgenroutine\n5 Vorschl\u00e4ge f\u00fcr eine Morgenroutine, die Sie \ngelassener den Tag anfangen l\u00e4sst : \n1. H\u00f6ren Sie einen inspirierenden Podcast zum  \n Fr\u00fchst\u00fcck\n2. Bereiten Sie eine leckere \u201eGolden Milk\u201c mit  \n Curcuma zu\n3. Starten Sie mit einer kleinen Dankbarkeits- \n Meditation \n4. Machen Sie ein 30-min\u00fctiges Workout zum  \n Wachwerden\n5. Kuscheln Sie mit Ihrem HaustierS._ 16 S._ 17\nWeitere Produktinformationen im Internet unter www.medicom.de Hochwertiger Ginseng-Extrakt  \n (Panax ginseng)\n Standardisiert auf 80 % Ginsenoside\n 50 mg Ginseng-Extrakt pro Kapsel  \n entspricht mind. 1.500 mg Panax  \n ginseng \nnur 20,40 \u20ac\n60 Kapseln  \n(1 Pck = 18,5 g, Grundpreis: 110,27 \u20ac/100 g) Hochwertiger Rhodiola-rosea- \n Extrakt mit 3 % Rosavin\n Liefert pro Kapsel 100 mg der  \n traditionellen Heilpflanze\n Die \u201egoldene Wurzel\u201c\nnur 17,90 \u20ac\n60 Kapseln  \n(1 Pck = 21,8 g, Grundpreis: 82,11 \u20ac/100 g)\n Ashwagandha-Extrakt mit mind.  \n 5 % Withanoliden\n Aus kontrolliert biologischem Anbau\n Traditionell angewendet in der  \n ayurvedischen Heilkunde\nnur 19,90 \u20ac\n60 Kapseln  \n(1 Pck = 36,3 g, Grundpreis: 54,82\u20ac/100 g)\nThemen / Terra\n\u201eAnti-Stress-Ball\u201c Bastel-Tipp\nSie brauchen:\n\u2022 1 kleine Plastikt\u00fcte oder etwas Frischhaltefolie\n\u2022 2 Luftballons in unterschiedlichen Farben\n\u2022 Mehl\nDie schmalen Enden beider Ballons abschnei-\nden. Plastikt\u00fcte mit Mehl bef\u00fcllen (ca. 10 TL).  \nT\u00fctenende zudrehen. T\u00fcte zu einer Kugel \nformen und Ende weiterzudrehen. Wenn alles \nfest ist, T\u00fctenende abschneiden. Kugel in einen \nBallon dr\u00fccken. Alles in Form dr\u00fccken. Zweiten \nBallon \u00fcber die offene erste Ballonseite ziehen. \nFertig. Stress wegdr\u00fccken, -pressen, -kneten!S._ 18 S._ 19\nWeitere Produktinformationen im Internet unter www.medicom.deThemen / Terra\n 500 mg Indischer Basilikumbl\u00e4tter- \n Extrakt in 2 Kapseln\n Erlesene Bioqualit\u00e4t\n Wohlf\u00fchlpflanze aus dem Ayurveda\nnur 22,50 \u20ac\n60 Kapseln  \n(1 Pck = 18,7 g, Grundpreis: 120,32 \u20ac/100 g)\n 400 mg gereinigte Propolis  \n pro Kapsel\n Reine Bienenkraft\n Beste Bioqualit\u00e4t\nnur 23,50 \u20ac\n60 Kapseln  \n(1 Pck = 30 g, Grundpreis: 78,33 \u20ac/100 g) Holunderbeeren-Extrakt mit  \n mind. 6,8 % Anthocyanidinen  \n Bio-zertifiziert \n Schwarzer Holunder (Sambucus \n nigra) f\u00fcr jede Tageszeit\nnur 26,40 \u20ac\n60 Kapseln  \n(1 Pck = 21,8 g, Grundpreis: 121,10 \u20ac/100 g)\n 500 mg Macawurzel- \n Konzentrat (Lepidium meyenii)  \n pro Kapsel\n Kontrolliert biologischer Anbau\n Leicht zu \u00f6ffnende Steckkapsel\nnur 15,90 \u20ac\n60 Kapseln  \n(1 Pck = 36 g, Grundpreis: 44,17 \u20ac/100 g)\n 250 mg K\u00fcrbiskernpulver pro  \n Kapsel\n Hochwertiges K\u00fcrbiskernpulver  \n in Bioqualit\u00e4t\nAus den reifen, getrockneten Samen \n vom steirischen \u00d6lk\u00fcrbis (Cucurbita  \n pep L. var. styriaca)\nnur 12,50 \u20ac\n60 Kapseln  \n(1 Pck = 18,7 g, Grundpreis: 66,84\u20ac/100g) S._ 20 S._ 21\nDas neue Medicom Kundengeschenk \u201eWege zur Achtsamkeit\u201c von der Autorin Doris \nIding hilft mit einfachen Techniken zur Ruhe zu kommen. Mit wirksamen Werkzeugen \nunterst\u00fctzen wir Sie dabei, achtsamer zu werden und das Gl\u00fcck in den kleinen Dingen \nzu erkennen. \nGratis zu jeder Bestellung ab 35 Euro!\u201eWege zur Achtsamkeit\u201cIhr Geschenk\nWeitere Produktinformationen im Internet unter www.medicom.de\nOmega-3 , 6, 9 400 mg hochwertiges Reishi- \n Konzentrat pro Kapsel, das  \n entspricht 4.800 mg Reishi\n Aus der Traditionellen Chinesischen  \n Medizin (TCM)\n Bio-zertifiziert\nnur 20,95 \u20ac\n60 Kapseln  \n(1 Pck = 30,1 g, Grundpreis: 69,60 \u20ac/100 g) 500 mg Sacha-Inchi-\u00d6l pro  \n Kapsel\n Rein pflanzliches \u00d6l\n Reich an Omega-3-, -6- und  \n -9-Fetts\u00e4uren\nnur 21,90 \u20ac\n60 Kapseln  \n(1 Pck = 42,9 g, Grundpreis: 51,05 \u20ac/100 g)\nR\u00e4tselfreude \nWas geh\u00f6rt ins leere K\u00e4stchen?\nEs ist nicht 6 und hat auch nichts mit Mathe zu tun!L\u00f6sung auf Seite 73\n1\n42\n53\nS._ 22 S._ 23\nWeitere Produktinformationen im Internet unter www.medicom.de\nKRAFT DER \nSAVANNEThemen / Terra\n 200 mg hochwertiger Teufelskral- \n lenwurzel-Extrakt (Harpagophytum  \n procumbens) in 2 Kapseln\n Hergestellt unter Beachtung  \n strengster Qualit\u00e4tskriterien\n Hergestellt in der Schweiz\nnur 15,90 \u20ac\n60 Kapseln  \n(1 Pck = 13,38 g, Grundpreis: 118,83 \u20ac/100 g)Aus dem Herzen Afrikas\nDie Afrikanische Teufelskralle (Harpagophytum \nprocumbens) verbirgt ihre wertvollen Wirk-\nstoffe etwa 1,5 m tief unter der Erde, in \nihren Speicherwurzeln. Das Geheimnis dieser \nPflanze steckt in den Bitterstoffen der Wurzel, \nden sogenannten Iridoidglykosiden, darunter \nHarpagosid, Harpagid und Procumbid. \nTeufelskralle wird in ihrem afrikanischen \nUrsprungsland als Hausmittel sehr gesch\u00e4tzt, \nda ihr unter anderem ein positiver Einfluss auf \ndie Gelenke zugeschrieben wird.S._ 24 S._ 25\nWeitere Produktinformationen im Internet unter www.medicom.de\n25 Jahre NOBILIN Q10 MUL TIVITAMIN\nIm kommenden Jahr 2020 feiert Medicom 25-j\u00e4hriges Bestehen. Dann wird auch unser \nTop-Seller 25 Jahre alt. Die beliebte Vitalstoffkombination mit insgesamt 14 Inhaltsstof-\nfen enth\u00e4lt neben Coenzym Q10, alle 8 B-Vitamine, Vitamin C, E, Magnesium, Selen und \nBeta-Carotin.\nAuch interessantThemen / Q10\nGL\u00dcCK UND   \nVITALIT\u00c4T\nCoenzym Q10 k\u00f6nnen wir sowohl mit der \nNahrung aufnehmen, als auch selber bilden. \nF\u00fcr die Eigensynthese ben\u00f6tigen wir bestimmte \nAminos\u00e4uren (Eiwei\u00dfbausteine) sowie Fols\u00e4ure, \nNiacin, Pantothens\u00e4ure und die Vitamine B 2, B6, \nB12 und C. Ab einem Alter von 40 Jahren nimmt die \nk\u00f6rpereigene Produktion von Coenzym Q10 ab.JAHRE  MEDICOMS._ 26 S._ 27\nUNSERE  \nEMPFEHLUNG\nDIREKT  \nVERF\u00dcGBARES \nQ10\n F\u00fcr Energie und Vitalit\u00e4t\n Q10 ist ein essentieller Bestandteil  \n des Energiegewinnungssystems\n Q10 hilft dabei, durch Lebens- \n mittel aufgenommene N\u00e4hrstoffe  \n in die wichtigste Form k\u00f6rpereige-  \n ner Energie umzuwandeln\n Die Vitamine B 1, B2, B6 und B 12  \n tragen zum normalen Energie- \n stoffwechsel bei\n Vitamin C tr\u00e4gt zur normalen  \n Funktion des Immunsystems bei Fols\u00e4ure tr\u00e4gt zur normalen  \n Zellteilung und zur normalen  \n Blutbildung bei\n Seit \u00fcber 20 Jahren erfolgreiche  \n Rezeptur in h\u00f6chster Medicom-  \n Qualit\u00e4t\nnur 39,00 \u20ac\n60 Kapseln  \n(1 Pck = 101 g, Grundpreis: 38,61 \u20ac/100 g) Ubiquinol (QH) ist die bioaktive  \n Form von Coenzym Q10 und muss  \n vom K\u00f6rper nicht mehr umgewan-  \n delt werden\n Q10/QH ist ein essentieller Bestand-  \n teil des Energiegewinnungssystems\nnur 34,90 \u20ac\n60 Kapseln  \n(1 Pck = 25,6 g, Grundpreis: 136,33 \u20ac/100 g)\nScannen Sie mit Ihrem Smart-\nphone den Code und gelangen \nSie direkt auf die richtige Seite.Scannen Sie mit Ihrem Smart-\nphone den Code und gelangen \nSie direkt auf die richtige Seite.Themen / Q10\nQH, auch Ubiquinol genannt, ist die aktive \nQ10-Form vom gesch\u00e4tzten \u201eZellkraftstoff\u201c \nCoenzym Q10. Denn bevor der Organismus \nQ10 verwerten kann, muss er es in QH um-\nwandeln. Unser Produkt liefert nat\u00fcrliches \nUbiquinol als bioaktive Q10-Form. Das hei\u00dft, \nsie steht dem K\u00f6rper sofort zur Verf\u00fcgung. Das \nQH aus QH Mono 50 mg braucht nicht mehr \numgewandelt zu werden. Es geht vom Darm \ndirekt in den Blutkreislauf \u00fcber.Der \u201ebioaktive\u201c \nUnterschiedS._ 28 S._ 29\nWeitere Produktinformationen im Internet unter www.medicom.deThemen / Energie\nKRAFT UND   \nENERGIEZeit, sich ein Ziel zu setzen\nMit Medicom an Ihrer Seite k\u00f6nnen Sie eine ganze Menge erreichen, so auch Ihr Fit-\nnessziel. Wir unterst\u00fctzen Sie bei Ihrem Bewegungsplan. Die meisten von uns leiden \npermanent an Ersch\u00f6pfung. Setzen Sie auf langfristigen Erfolg und versorgen Sie sich \nt\u00e4glich mit einem extra Energie-Kick.\nGerade hinsetzen und die Beine lang vor sich ausstrecken.  \nNun das rechte Bein anwinkeln und \u00fcber das linke gestreckte  \nBein stellen. Den Oberk\u00f6rper nach rechts drehen und mit  \ndem linken Arm gegen den Oberschenkel dr\u00fccken.  \nDie Ges\u00e4\u00dfknochen in Richtung Boden dr\u00fccken. \nDiese Position halten, dann Beine und \nDrehung wechseln.Fit Zuhause\nDREHSITZ - OBERSCHENKEL AUSSEN DEHNEN\nS._ 30 S._ 31\nWeitere Produktinformationen im Internet unter www.medicom.de Gel\u00e9e Royale - der k\u00f6nigliche  \n Futtersaft  \n Taigawurzel, auch sibirischer  \n Ginseng genannt  \n Taurin ist eine Aminos\u00e4ure, kommt  \n in vielen Geweben, vor allem in der  \n Muskulatur auf nat\u00fcrliche Weise vor\n Guarana besitzt einen hohen  \n Koffeingehalt \n Lakritze wurde im alten \u00c4gypten  \n verwendet\nnur 29,90 \u20ac\n20 Trinkampullen  \n(1 Pck = 220 ml, Grundpreis: 13,59 \u20ac/100 ml)Mit dem  aus dem Franz\u00f6sisch stammenden \nAusdruck Verve wird eine besondere Leich-\ntigkeit bezeichnet. Verve steht f\u00fcr ein allgemein \npositiv beschwingtes Lebensgef\u00fchl. Mit diesem \nProdukt kann der Schwung im Sinne eines \npositiven Lebensgef\u00fchls ins Leben gebracht \nwerden. Einfach mal ausprobieren!Mit Schwung dabeiVerve  Zur Herstellung einer Kohlen- \n hydrat-Elektrolyt-L\u00f6sung, mit  \n S\u00fc\u00dfungsmitteln\n Liefert Natrium, Kalium, Chlorid  \n und Dextrose\n Kohlenhydrat-Elektrolyt-L\u00f6sungen  \n verbessern die Aufnahme von  \n Wasser w\u00e4hrend der k\u00f6rperlichen \n Bet\u00e4tigung Zur Aufrechterhaltung der Aus- \n dauerleistung bei l\u00e4ngerem  \n Ausdauertraining\n Gleicht Elektrolyt- und Fl\u00fcssigkeits-  \n verluste aus\n Mit Beerengeschmack\nnur 5,30 \u20ac\n60 Kapseln  \n(1 Pck = 78 g, Grundpreis: 6,79 \u20ac/100 g)Beliebt bei Sportlern\nThemen / EnergieS._ 32 S._ 33\n Nat\u00fcrliches Astaxanthin aus  \n der Mikroalge Haematococcus  \n pluvialis\n Die einzigartige Rezeptur kombi- \n niert die drei starken Antioxidantien \n Astaxanthin, Vitamin C und Vitamin E\n Vitamin C tr\u00e4gt zur normalen  \n Funktion des Immunsystems bei\n Vitamin C und E tragen zum Schutz \n der Zellen vor oxidativem Stress bei\nnur 28,40 \u20ac\n60 Kapseln  \n(1 Pck = 29 g,  \nGrundpreis: 97,93 \u20ac/ 100 g) \n Praktische Tabletten\n 200 mg Magnesium pro Dosis\nnur 8,10 \u20ac\n60 Tabletten  \n(1 Pck = 71,4 g, Grundpreis: 11,34 \u20ac/100 g)\nWeitere Produktinformationen im Internet unter www.medicom.de Magnesium tr\u00e4gt zur Verminderung \n von M\u00fcdigkeit und Erm\u00fcdung bei\n Magnesium tr\u00e4gt zur normalen \n Muskelfunktion, einschlie\u00dflich des \n Herzmuskels, bei\n 400 mg Magnesium pro Dosis\nnur 10,90 \u20ac\n20 Sticks  \n(1 Pck = 44 g, Grundpreis: 24,77 \u20ac/100 g) 4 mg Astaxanthin in jedem  \n Soft-Gum\n Leicht zu kauen, lutschen und  \n schlucken \u2013 ohne Wasser\nnur 5,35 \u20ac\n10 Soft-Gums  \n(1 Pck = 12 g, Grundpreis: 44,58 \u20ac/100 g) Themen / Energie\nNEU!  \nJETZT ALS \nSOFT-GUMSS._ 34 S._ 35\nWeitere Produktinformationen im Internet unter www.medicom.de Mineralstoffquelle plus Vitamin D 3 \n Calcium und Vitamin D tragen zum  \n Erhalt normaler Knochen und  \n Z\u00e4hne bei\n Kupfer, Eisen, Magnesium und  \n Mangan tragen zu einem normalen  \n Energiestoffwechsel bei\nnur 5,90 \u20ac\n60 Soft-Gel-Kapseln  \n(1 Pck = 106 g, Grundpreis: 5,57 \u20ac/100 g)\n Alle 8 B-Vitamine in einer Kapsel\n Biotin, Niacin, B 1, B2, B6 und B 12  \n unterst\u00fctzen die normale Funktion  \n des Nervensystems und den  \n normalen Energiestoffwechsel\n Fols\u00e4ure unterst\u00fctzt die normale \n Blutbildung und tr\u00e4gt zusammen  \n mit B 6 sowie B 12 zum normalen  \n Homocystein-Stoffwechsel bei\nnur 5,90 \u20ac\n60 Soft-Gel-Kapseln  \n(1 Pck = 20,9 g, Grundpreis: 28,23 \u20ac/100 g) L-Arginin ist ein Eiwei\u00dfbaustein,  \n der sich besonders in Blutgef\u00e4\u00dfen  \n und im Gehirn nachweisen l\u00e4sst\n L-Arginin Brausetabletten sind f\u00fcr \n den besonderen Bedarf extra hoch  \n dosiert\nnur 25,00 \u20ac\n30 Brausetabletten  \n(1 Pck = 153 g, Grundpreis: 16,34w \u20ac/100g)  Vitamin B 12 tr\u00e4gt zur Verringerung  \n von M\u00fcdigkeit und Erm\u00fcdung bei\n B12 tr\u00e4gt zur normalen Bildung  \n roter Blutk\u00f6rperchen bei\n B12 tr\u00e4gt zur normalen  \n Nervenfunktion bei\nnur 5,90 \u20ac\n60 Tabletten  \n(1 Pck = 29,4 g, Grundpreis: 20,07 \u20ac/100 g)Tipp f\u00fcr Ihre Onlinebestellung\nWir sind f\u00fcr Sie daDie im Katalog gezeigten Produkte finden Sie in \nunserem Shop. Scannen Sie mit Ihrem Smartphone \nden Code und gelangen Sie direkt auf die richtige \nSeite.Telefon: 0800 50 400 50 | Mo bis Fr 8:00 \u2013 19:00 Uhr | info@medicom.deThemen / EnergieS._ 36 S._ 37\nWeitere Produktinformationen im Internet unter www.medicom.deThemen / Energie\n Eisen tr\u00e4gt zur normalen Bildung  \n von roten Blutk\u00f6rperchen und  \n H\u00e4moglobin bei\n Eisen tr\u00e4gt zur Verminderung von  \n M\u00fcdigkeit und Erm\u00fcdung bei\n Eisen und Vitamin C tragen zum  \n normalen Energiestoffwechsel bei\nnur 7,90 \u20ac\n20 Sticks  \n(1 Pck = 30 g, Grundpreis: 26,33 \u20ac/100 g)\n Von Vitamin A bis Zink\n Phosphor, Magnesium, Mangan,  \n Vitamin C, Niacin und Pantothen-  \n s\u00e4ure tragen zum normalen  \n Energiestoffwechsel bei\n Vitamin E tr\u00e4gt zum Schutz der  \n Zellen vor oxidativem Stress bei\nnur 9,10 \u20ac\n60 Tabletten  \n(1 Pck = 85,8 g, Grundpreis: 10,61 \u20ac/100 g)Zutaten\n\u2022 1 Tasse Milch nach Wahl \n(Vollmilch, Mandel, Kokosnuss, etc.)\n\u2022 1/2 Teel\u00f6ffel gemahlenes  \nAshwagandha-Pulver wahlweise  \nauch Shatavari oder beides kombiniert\n\u2022 1/2 Teel\u00f6ffel gemahlener Zimt\n\u2022 1/4 Teel\u00f6ffel gemahlener oder  \nfrischer gehackter Ingwer\neine Prise gemahlene Muskatnuss\n\u2022 1 Teel\u00f6ffel Kokosnuss\u00f6l\n\u2022 1 Teel\u00f6ffel Honig- oder Ahornsirup\u00dcbung Achtsamkeitsmoment\nIhre Achtsamkeits\u00fcbung sollte helfen, die Welt \nbesser zu machen, nicht nur Sie selbst.\nWie der Zen-M\u00f6nch Suzuki Roshi lehrt: \n\u201eDas Wichtigste ist,  \nsich an das Wichtigste zu erinnern.\u201cGerade zur dunklen Jahreszeit hin verw\u00f6hnen wir unseren K\u00f6rper mit wohltuenden, \nwarmen Getr\u00e4nken, die uns beim Runterkommen helfen und entspannen. Das Getr\u00e4nk \nmit dem wundersch\u00f6nen Namen \u201eMondmilch\u201c aus dem indischen Ayurveda wird gerne \nvor dem Schlafengehen getrunken.Moon Milk\nUnd so geht es:\n1. In einem Topf die Milch erw\u00e4rmen. \n2. In einer Schale alles vermischen. \n3. Sobald die Milch angenehm warm geworden  \n ist, Pulver-Mix einr\u00fchren. \n4. Zwei Minuten r\u00fchren.\n5. In eine sch\u00f6ne Tasse geben und kuschelig  \n eingewickelt genie\u00dfen.S._ 38 S._ 39\nWeitere Produktinformationen im Internet unter www.medicom.deThemen / Immun\nVolle M\u00f6glichkeiten\nSchenken Sie Ihrem Tag den gewissen Selbstschutz von innen \u2013 mit den Immunproduk-\nten von Medicom. Hier finden Sie von A bis Z alles, was Ihre Abwehrkr\u00e4fte brauchen, um \nsich gut gewappnet und unterst\u00fctzt zu f\u00fchlen. \nSie bevorzugen nat\u00fcrliche Produkte? \nVerleihen Sie Ihrem Lebensalltag eine \nindividuelle Note mit den besonderen \nProdukten von MEDICOM TERRA \u00ae und unterst\u00fctzen Sie gleichzeitig Ihr Wohl- \nbefinden mit einzigartigen Inhaltsstoffen \nwie Propolis, Holunderbeere und Holy \nBasil. Mehr ab Seite 8.\nBE  \nPROTECTED\nEntspannung f\u00fcr die Augen \nBei Augenringen hilft ein halber Teel\u00f6ffel Natron \nin einem kleinen Glas Wasser. Kosmetikpads in die \nMischung tauchen, auswringen und f\u00fcnf bis zehn \nMinuten auf die Augenlider legen. \nQuelle: Das Natron-Handbuch: Ein Mittel f\u00fcr fast \nalles, smarticular Verlag, \u20ac 14,95.S._ 40 S._ 41\nPodcasts\nWeitere Produktinformationen im Internet unter www.medicom.de\n Vitamin C, B 6, B12 und Fols\u00e4ure  \n tragen zur normalen Funktion des  \n Immunsystems bei  \n Vitamin C, E und B 2 tragen zum  \n Schutz der Zellen vor oxidativem  \n Stress bei \n Vitamin B 1, B2, B6, B12, C, Biotin  \n und Niacin tragen zum normalen  \n Energiestoffwechsel bei  \n Enth\u00e4lt 200 mg Sanddorn-Konzen-  \n trat pro Trinkampulle. Der Sanddorn  \n z\u00e4hlt zu einer der \u00e4ltesten Pflanzen  \n der Erde  Enth\u00e4lt 100 mg Holunderbeeren- \n Konzentrat pro Tinkampulle \n Enth\u00e4lt 150 mg Echinacea-Konzen-  \n trat pro Trinkampulle  \n Die Vorteile von Echinacea sind in  \n vielen wissenschaftlichen Studien  \n analysiert und bekr\u00e4ftigt worden.\nnur 25,00 \u20ac\n20 Trinkampullen  \n(1 Pck = 200 ml, Grundpreis: 12,50 \u20ac/100 ml)\u201eMedicom lebennurbesser Blog Podcast\u201c  auf \niVoox und Soundcloud. Interessante und span-\nnende Interviews rund um Gesundheit, Wohlbe-\nfinden & Lifestyle. Lehrreich. \n\u201eHotel Matze\u201c auf Spotify und Soundcloud. Mat -\nze Hielscher (mitvergnuegen.com) unterh\u00e4lt sich \nan ungew\u00f6hnlichen Orten mit spannenden Men -\nschen und spricht \u00fcber Pers\u00f6nliches auf Augen-\nh\u00f6he. Unterhaltsam.\n\u201eHappy, holy & conf  ident. Dein Podcast f\u00fcrs  \nHerz und den Verstand\u201d auf Spotify. Laura Ma- \nlina Seiler gibt Inspirationen und Coachingtipps \nrund um die Themen pers\u00f6nliche Weiterent-\nwicklung, Bewusstsein, Erfolg, Gl\u00fcck und Spiritu-\nalit\u00e4t. Heilsam.\n\u201eZeit: Alles gesagt?\u201c auf Spotify. Ein Interview-\npodcast mit Zeit-Magazin-Chefredakteur Chris-\ntoph Amend und Zeit-Online-Chefredakteur Jo-\nchen Wegner. Erkenntnisreich.Wer viel unterwegs ist oder gerne zuh\u00f6rt, findet in Podcasts die \nultimative Erf\u00fcllung. Allerdings gibt es so viele Podcasts alleine \nauf iTunes (Apple), die sich mit Angeboten auf Spotify, \nSoundcloud und iVoox die Hand reichen. Wer will da nicht den \n\u00dcberblick verlieren? Wir haben uns \u00fcberlegt, bei welchen \nPodcasts sich das Einschalten und Zuh\u00f6ren lohnt.\nBLOGCA STS._ 42 S._ 43\n1 Stick = 5 g\nNahrungserg\u00e4nzungsmittel\nwww.medicom.de\n0800 - 73 77 730\nMedicom Pharma GmbH \u2022 85774 Unterf\u00f6hringHier aufrei\u00dfen\nNahrungserg\u00e4nzungsmittel mit resistentem Maisdextrin \nBALLASTSTOFF PRO\nWeitere Produktinformationen im Internet unter www.medicom.deThemen / Magen Darm\nLEBENSFREUDE   \nF\u00dcHLENMagen \u2013 Darm\nSie sind nicht allein, glauben Sie uns: Magen-Darmprobleme sind nach Migr\u00e4ne und \nR\u00fcckenproblemen Deutschlands neue Volkskrankheit. Dar\u00fcberhinaus stehen viele  \nBeschwerden, wie Allergien, st\u00e4ndige Erk\u00e4ltungen und Hautprobleme im Zusammen-\nhang mit einem unausgeglichenen Darm. Sind Sie gut drauf oder eher meistens nicht? \nDann schauen Sie auf Ihren Darm.\nAuch interessant\nAyurveda\nPRODUKTE\nSchoko   \nSCHOLADIGER\nsiehe Seite 12 siehe Seiten 5-7S._ 44 S._ 45\n1 Stick = 5 g\nNahrungserg\u00e4nzungsmittel\nwww.medicom.de\n0800 - 73 77 730\nMedicom Pharma GmbH \u2022 85774 Unterf\u00f6hringHier aufrei\u00dfen\nNahrungserg\u00e4nzungsmittel mit resistentem Maisdextrin \nBALLASTSTOFF PRO\nWeitere Produktinformationen im Internet unter www.medicom.de L\u00f6slicher Ballaststoff auf  \n Maisst\u00e4rkebasis (Fibersol \u00ae-2)\n Geschmacksneutral, sehr gut  \n vertr\u00e4glich und leicht l\u00f6slich\n Bequem die t\u00e4glich ben\u00f6tigte  \n Ballaststoffmenge erreichen\nnur 12,90 \u20ac\n20 Sticks  \n(1 Pck = 100 g, Grundpreis: 12,90 \u20ac/100 g)Themen / Magen Darm\n Enth\u00e4lt die Milchs\u00e4urebakterien  \n Lactobacillus acidophilus und  \n Bifidobacterium, sowie Inulin mit \n prebiotischen Eigenschaften und  \n B-Vitamine \n Niacin und Vitamin B 2 tragen  \n zur Aufrechterhaltung normaler  \n Schleimh\u00e4ute bei\nnur 8,00 \u20ac\n60 Kapseln  \n(1 Pck = 37,8 g, Grundpreis: 21,16 \u20ac/100 g)\n Enth\u00e4lt Aktivkohle, Anis- und  \n Minzessenz\n Angenehm leicht zu schluckende  \n Kapsel\n F\u00fcr ein gutes Bauchgef\u00fchl\nnur 16,90 \u20ac\n60 Soft-Gel-Kapseln  \n(1 Pck = 53,1 g, Grundpreis: 31,83 \u20ac/100 g) \n Hochwertiger Extrakt aus den  \n samenartigen Mariendistelfr\u00fcchten\n Die enthaltenen Flavonolignane,  \n das Gemisch Silymarin, z\u00e4hlt zu  \n den relevanten Inhaltsstoffen der  \n Mariendistelfr\u00fcchte\n MARIENDISTEL von Medicom liefert  \n einen hochwertigen Mariendistel- \n Extrakt, der auf mindestens 80 %  \n Silymarin standardisiert ist\nnur 17,80 \u20ac\n60 Kapseln  \n(1 Pck = 29,8 g, Grundpreis: 59,73 \u20ac /100 g) \n142 mg  \nSilymarin  \npro KapselS._ 47\nIn Bewegung\nDen Anspruch nach mehr Beweglichkeit und mehr Flexibilit\u00e4t wird Medicom mit ei-\nner Reihe hochwertiger Produkte, die vor allem auf Glucosamin setzen, gerecht. In  \nZeiten eines h\u00f6heren Bewusstseins, was die individuelle Mobilit\u00e4t betrifft, ist es selbst-\nverst\u00e4ndlich, dass sich unsere Kunden nur Premiumqualit\u00e4t w\u00fcnschen. Denn nur wer \ngelenkig ist und bleibt, beugt Verletzungen vor. Darum setzen wir mit unseren Inhalts-\nstoffen und Kombinationen ganz einfach mobile Ma\u00dfst\u00e4be \u2013 seit nunmehr 25 Jahren.\n enth\u00e4lt 500 mg N-Acetyl-Glucosamin  \n (NAG), die aktive Glucosamin-Form\n Glucosamin wird vom K\u00f6rper erst  \n in NAG umgewandelt. NAG ist der  \n direkte Vorl\u00e4ufer der Hyalurons\u00e4ure  \n und steht sofort zur Verf\u00fcgung.\n Glucosamin ist ein nat\u00fcrlicher  \n Bestandteil des Knorpels sowie der  \n Gelenkschmiere\nnur 43,90 \u20ac\n30 Trinkampullen  \n(1 Pck = 750 ml, Grundpreis: 58,53 \u20ac/1 l)\n mit Gr\u00fcnlippmuschel, Teufelskralle,  \n Provitamin B 5 und Menthol\n pflegt stark beanspruchte Gelenke\n k\u00fchlt die betroffenen Stellen\n Angenehm aktivierender, minzig- \n frischer Duft\n Gel zieht schnell ein\nnur 8,10 \u20ac\n1 Tube  \n(1 Pck = 50 ml, Grundpreis: 16,20 \u20ac/100 ml) \nWeitere Produktinformationen im Internet unter www.medicom.deThemen / Gelenk\nBEWEGUNG UND\nMOTIVATIONS._ 48 S._ 49\nWeitere Produktinformationen im Internet unter www.medicom.de\n Sinnvolle Kombination \u2013  \n MSM  (Methylsulfonylmethan)  \n plus Vitamin C\n Vitamin C tr\u00e4gt zur normalen  \n Kollagenbildung f\u00fcr eine normale  \n Knochen- und Knorpelfunktion bei\n Praktisch \u2013 nur 2 Kapseln am Tag\nnur 15,70 \u20ac\n60 Kapseln  \n(1 Pck = 34,6 g, Grundpreis: 45,38 \u20ac/100 g) MSM plus Vitamin CNEU!\nFisch-Tipp\nEssen Sie mehr Fisch: Um den Haushalt \nan gesunden, herzst\u00e4rkenden langkettigen \nOmega-3-Fetts\u00e4uren auszugleichen, sollten Sie \nmindestens einmal die Woche Fisch auf den Tisch \nbringen. Besonders fettreiche Kaltwasserfische \nwie Lachs, Makrele oder Hering enthalten die \ngesundheitsf\u00f6rdernden langkettigen Omega-3-\nFetts\u00e4uren DHA sowie EPA. Aktiv bleiben\nSpazierengehen, Walken, Schwimmen, Radfahren, \nWandern oder Tanzen \u2013 w\u00e4hlen Sie eine Sportart, \ndie Ihnen gef\u00e4llt und Spa\u00df macht. H\u00e4ufig ist es hilf-\nreich, sich einen Trainingspartner oder eine Sport-\ngruppe zu suchen. Denn es f\u00e4llt leichter, gemein-\nsam regelm\u00e4\u00dfig Sport zu treiben und den \u201einneren \nSchweinehund\u201c zu \u00fcberwinden.Auf Regelm\u00e4\u00dfigkeit achten\nSchon ein Lauf von f\u00fcnf Minuten t\u00e4glich nutzt der \nGesundheit. Selbst wer nur 35 bis 50 Minuten Aus-\ndauersport pro Woche macht, in einem Tempo von \nunter zehn Kilometern pro Stunde joggt oder nur \nkurze Strecken absolviert, profitiert gesundheitlich. \nWichtig ist dabei, regelm\u00e4\u00dfig in Bewegung zu blei-\nben.Shake your Booty!\nMusik-Tipp: \nKC and The Sunshine Band \u201eShake Your Booty\u201dSport und Bewegung eignen sich hervorragend, um beispielsweise die Durchblutung in \nSchwung zu halten und die Beinmuskulatur zu st\u00e4rken. \u00dcberdies kann so \u00dcbergewicht \nvorgebeugt werden. Setzen Sie den Fokus dabei vor allem auf Ausdauersportarten. S._ 50 S._ 51\nBeherrschen Sie eine \u00dcbung\nHammercurl.  Sie brauchen Kurzhanteln. \nZielmuskeln: Bizeps, Armbeuger, Oberarmspeichen-\nmuskel. Anleitung:  Stehen Sie aufrecht mit den \nBeinen schulterbreit auseinander. Die Arme mit den \nKurzhanteln h\u00e4ngen an den Seiten Ihres K\u00f6rpers \nnach unten, die Arme sind leicht gebeugt. Beim \nAusatmen bewegen sich die Unterarme \u00fcber das \nEllenbogengelenk maximal nach oben Richtung \nSchultern. Beim Einatmen die Hanteln langsam \nund bewusst wieder zur\u00fcck in die Ausgangsposition \nbringen.\nWeitere Produktinformationen im Internet unter www.medicom.deThemen / Knochen\nBE  \nSTRONGB\u00e4renstark\nWas uns so hart, fest und best\u00e4ndig erscheint, erweist sich als lebendiges, dynamisches \nGewebe, das sich regelm\u00e4\u00dfig erneuert. Die Rede ist nat\u00fcrlich von unseren stabilen \nKnochen. Hormone, Vitamine und Mineralstoffe zusammen mit Bewegung steuern den \nKnochenaufbau. Mit der richtigen Ern\u00e4hrung und einem zus\u00e4tzlichen Plus, k\u00f6nnen Sie \nf\u00fcr ein gesundes Gleichgewicht in der Welt Deiner Knochen sorgen.S._ 52 S._ 53\n Pro Stick 600 mg reines Calcium  \n plus 5 \u00b5g Vitamin D 3\n Praktisches Direktgranulat mit  \n Zitronengeschmack - Einnahme  \n ohne Wasser\n Calcium und Vitamin D tragen zum  \n Erhalt normaler Knochen und  \n normaler Z\u00e4hne bei\nnur 7,90 \u20ac\n20 Sticks  \n(1 Pck = 60 g, Grundpreis: 13,17 \u20ac/100 g) Krafttraining Calcium Tipp:\nIm menschlichen K\u00f6rper \u00fcbertrifft ein Mineral \nmengenm\u00e4\u00dfig alle anderen Mineralstoffe: \nCalcium. Es macht allein ein bis zwei Prozent \ndes Gesamtgewichtes eines erwachsenen \nMenschen aus. Der Gro\u00dfteil \u2013 rund 99 % \u2013  \nfindet sich in Knochen und Z\u00e4hnen. Um \nDeine Knochendichte positiv zu beeinflussen, \nempfehlen wir Krafttraining. Studien konnten \nzeigen, dass \u2013 zusammen mit Calcium und \nVitamin D 3 \u2013 intensives Krafttraining helfen \nkann, stabile und widerstandsf\u00e4hige Knochen \naufzubauen und zu erhalten. \nWeitere Produktinformationen im Internet unter www.medicom.deThemen / Knochen\nBei Verwendung von Cumarin-Antikoagulanzien bitte \nR\u00fccksprache mit dem Arzt halten.\n Vitamin D 3 tr\u00e4gt zur Erhaltung  \n normaler Knochen bei\n Vitamin D 3 tr\u00e4gt zum Erhalt der  \n normalen Muskelfunktion bei\nnur 5,90 \u20ac\n60 Tabletten  \n(1 Pck = 25,8 g, Grundpreis: 22,87 \u20ac/100 g) Calcium und Vitamin D tragen  \n zur Aufrechterhaltung normaler \n Knochen und Z\u00e4hne bei\n Praktische Brausetabletten\nnur 10,90 \u20ac\n60 Brausetabletten  \n(1 Pck = 270 g, Grundpreis: 40,37 \u20ac/1 kg) Vitamin K 2 tr\u00e4gt zur Erhaltung  \n normaler Knochen bei\n Vitamin K 2 tr\u00e4gt zur normalen  \n Blutgerinnung bei\nnur 11,90 \u20ac\n30 Kapseln  \n(1 Pck = 7,65 g, Grundpreis: 155,56 \u20ac/100 g)S._ 54 S._ 55\nKrill? Nie geh\u00f6rt!\nKrill\u00f6l wird aus einem kleinen Krustentier, dem \nantarktischen Krill (Euphausia superba) gewonnen. \nDer Krill steht ganz am Anfang der Nahrungskette \nund frisst ausschlie\u00dflich Phytoplankton. Krill\u00f6l \nbesitzt noch einen weiteren Vorteil. Es enth\u00e4lt \nnat\u00fcrlicherweise das Carotinoid Astaxanthin, ein \nsekund\u00e4rer Pflanzenstoff, der zu den st\u00e4rksten \nAntioxidantien der Natur geh\u00f6rt.\nWeitere Produktinformationen im Internet unter www.medicom.deDer Traum vom Omega\nL\u00e4ngst vorbei sind die Zeiten, als noch Lebertran serviert wurde. Heute sagen wir  \nDanke zu hochwertigen Omega-3-Produkten in Kapselform, die uns t\u00e4glich mit den  \nlebenswichtigen Fetts\u00e4uren versorgen. Au\u00dferdem sch\u00e4tzen viele Konsumenten, dass \nes neben den klassischen Fisch\u00f6lkapseln auch Alternativen ohne Fischgeschmack und \n-geruch gibt, die sich unserem Lebensstil anpassen.\nGeruchfreie \nKapselThemen / Omega 3\nTAUCHEN \nSIE EIN   S._ 56 S._ 57\nEco-Harvesting \u2122 \nis a trademark of  \nAker BioMarin e\nWeitere Produktinformationen im Internet unter www.medicom.de EPA und DHA tragen zu einer  \n normalen Herzfunktion bei*\n DHA tr\u00e4gt zum Erhalt der  \n normalen Gehirnfunktion bei**\n DHA tr\u00e4gt zur Aufrechterhaltung  \n der normalen Sehkraft bei**\nnur 11,40 \u20ac\n120 Soft-Gel-Kapseln  \n(1 Pck = 170 g, Grundpreis: 6,71 \u20ac/100 g)  EPA und DHA tragen zu einer  \n normalen Herzfunktion bei*\n DHA tr\u00e4gt zum Erhalt der  \n normalen Gehirnfunktion bei**\n DHA tr\u00e4gt zur Aufrechterhaltung  \n der normalen Sehkraft bei**\nnur 27,90 \u20ac\n60 Kapseln  \n(1Pck: 35,8 g, Grundpreis: 77,93 \u20ac/100 g) Unsere Omega-3-Produkte finden Sie in unse-\nrem Shop. Einfach mit dem Smartphone den \nCode scannen und direkt auf die richtige Seite \ngelangen.Vollkommen geruchfrei.\nMit nat\u00fcrlicherweise enthaltenen Phospholi-\npiden und Astaxanthin.\nKein \u201efischiges\u201c Aufsto\u00dfen.\n100 % nat\u00fcrlich und r\u00fcckstandsfrei.\nOhne Gentechnik. Aus zertifiziert nachhaltiger \nFischerei.Themen / Omega 3\n* Die positiven Wirkungen stellen sich bei einer  \n t\u00e4glichen Aufnahme von 250 mg EPA und  \n DHA* bzw. 250 mg DHA** ein.* Die positiven Wirkungen stellen sich bei einer  \n t\u00e4glichen Aufnahme von 250 mg EPA und  \n DHA* bzw. 250 mg DHA** ein.Premium KrillProdukt Champion: F\u00fcr Ihre  \nOnlinebestellungS._ 58 S._ 59\nWeitere Produktinformationen im Internet unter www.medicom.deThemen / Herz\nMAKE TRAVEL A  \nPLEASUREDie Reise-Kombi\nMedicom macht mit einem besonderen Produkt in der Herzlinie auf sich aufmerksam: \nCardioflow. Jetzt ist es ganz einfach, unbeschwerter auf seinen normalen Blutfluss zu \nachten. Das ist insbesondere f\u00fcr Gesch\u00e4ftsreisende, Vielflieger und -sitzer interessant. \nDie nat\u00fcrlichen Zutaten machen aus Cardioflow ein einzigartiges Nahrungserg\u00e4nzungs-\nmittel f\u00fcr gesundheitsbewusste und moderne Menschen.\n Fruitflow \u00ae ist ein standardisiertes  \n wasserl\u00f6sliches Tomatenkonzentrat  \n (WSTC II)  \n WSTC II hilft, die normale Blutpl\u00e4tt-  \n chenaggregation zu erhalten und  \n tr\u00e4gt so zu einem gesunden  \n Blutfluss bei*\n Vitamin B 1 tr\u00e4gt zur normalen Herz-  \n funktion bei \nnur 21,90 \u20ac\n30 Kapseln  \n(1 Pck = 13,65 g = Grundpreis: 160,44 \u20ac/100 g) * Um die positive Wirkung zu erreichen, sollte t\u00e4glich  \n eine Kapsel (150 mg WSTC II) mit einem Glas Fl\u00fcssigkeit  \n eingenommen werden.\nScannen Sie mit Ihrem Smart-\nphone den Code und gelangen Sie \ndirekt auf die richtige Seite. Mit Melatonin und Vitamin B 6 \n 1 mg Melatonin, kurz vor dem  \n Schlafengehen eingenommen,  \n tr\u00e4gt dazu bei, die Einschlafzeit  \n zu verk\u00fcrzen\nnur 14,90 \u20ac\n60 Kapseln  \n1 Pck = 26,2 g, Grundpreis: 56,87 \u20ac/100 g) S._ 60 S._ 61\nWeitere Produktinformationen im Internet unter www.medicom.deThemen / Beauty\nEINFACH   \nBEAUTYFULWie sch\u00f6n Sie sind\nDas Angebot der Sch\u00f6nheitsprodukte w\u00e4chst kontinuierlich. Unsere Sch\u00f6nheit und die \nSch\u00f6nheit anderer hat einen sehr hohen Stellenwert in unserer Gesellschaft. Aber die \nsimple Wahrheit ist: Jeder Mensch ist sch\u00f6n. Wir m\u00f6chten Sie dabei unterst\u00fctzen, Ihr \nSch\u00f6nheitsempfinden individuell zu gestalten und sich selbst mehr zu loben und zu \nlieben. Entdecken Sie Ihre Schokoladenseiten und erfreuen Sie sich an ihnen.\nAuch interessant\nTipps f\u00fcr die  \nFIGUR\nsiehe Seite 66\nNat\u00fcrlich   \nSCH\u00d6N\nab Seite 8S._ 62 S._ 63\nVEGGIE-KULTUR\nWeitere Produktinformationen im Internet unter www.medicom.de\nMehr Rezeptideen finden Sie unter www.bit.ly/2mZdfpG Zink und Selen tragen zum Erhalt  \n normaler Haare bei\n Kupfer tr\u00e4gt zur normalen  \n Haarpigmentierung bei\nnur 39,90 \u20ac\n80 Soft-Gel-Kapseln  \n(1 Pck = 54 g, Grundpreis: 73,89 \u20ac/100 g) Regelm\u00e4\u00dfiges Trinken f\u00fcr das Wohlbefinden. \nMindestens 1,5 Liter am Tag, am besten \nin Form von Mineralwasser, unges\u00fc\u00dften \nKr\u00e4uter- oder Fr\u00fcchtetees oder Saftschorlen. \nVermeiden Sie stark zuckerhaltige Getr\u00e4nke. \nEine ausreichende Fl\u00fcssigkeitszufuhr verbessert \ndie Viskosit\u00e4t des Blutes und somit auch das \nHautbild.Themen / Beauty\nWasserSCH\u00d6NHEITSDRINKZUCCHINI \nDas sagt die Wissenschaft:\nSehr hoher Ballaststoffgehalt. F\u00f6rdert eine gesun-\nde Verdauung und harmonisiert den Blutzucker. \nIhr Beauty-Resultat:\nSteigert die Energie, sorgt f\u00fcr klarere Haut.\nTOMATEN \nDas sagt die Wissenschaft:\nBestehen zu 95% aus Wasser. Versorgen den \nK\u00f6rper mit Feuchtigkeit. \nIhr Beauty-Resultat:\nWeniger Bl\u00e4hungen, gesunder und gleichm\u00e4\u00dfi -\nger Teint.\nAUBERGINEN \nDas sagt die Wissenschaft:\nEnthalten Anthocyane, Pflanzenpigmente, die\ndie Zellen vor DNA-Sch\u00e4den sch\u00fctzt.\nIhr Beauty-Resultat:\nWohlbefinden und weniger Anzeichen von Haut-\nalterung.Rezept: Zucchini Muffin\nwww.bit.ly/2lu6M68\nRezept: Tomaten Carpaccio\nwww.bit.ly/2mzQ1qg\nRezept: Veggie Auberginen Wrap\nwww.bit.ly/2mPeUyaWie ern\u00e4hren Sie sich, wie gesund ist Ihr Lifestyle? Ein Blick auf die Haut verr\u00e4t schon \nvieles. Ihr Wohlbefinden und Ihr k\u00f6rperlicher Zustand sind fast haupts\u00e4chlich das \nErgebnis einer gesunden Ern\u00e4hrung. Ein Beispiel f\u00fcr mehr Achtsamkeit: Fr\u00f6nen Sie der \nVeggie-Kultur, bringen Sie mehr Gem\u00fcse auf den Teller. Wir sagen Ihnen warum.S._ 64 S._ 65\nWeitere Produktinformationen im Internet unter www.medicom.deNobilin Biotin 5 mg N \nAnwendungsgebiete*: \n Vorbeugung eines Biotin-Mangels\nnur 10,80 \u20ac\n100 Tabletten  \nGrundpreis: \u20ac 0,11/St\u00fcck Biotin tr\u00e4gt zum Erhalt normaler \n Haut und Haare bei  \nnur 8,35 \u20ac\n120 Kapseln  \n(1 Pck = 61,2 g, Grundpreis: 13,64 \u20ac/ 100 g) \n Enth\u00e4lt Borretsch\u00f6l, das reich  \n an Gamma-Linolens\u00e4ure ist und  \n Vitamin E\n Vitamin E tr\u00e4gt zum Schutz der  \n Zellen vor oxidativem Stress bei\nnur 16,60 \u20ac\n120 Soft-Gel-Kapseln  \n(1 Pck = 172,2 g, Grundpreis: 9,64 \u20ac/100 g)  Enth\u00e4lt Beta-Carotin, die Vorstufe  \n von Vitamin A\n Vitamin A tr\u00e4gt zur Erhaltung nor-\n maler Haut und Schleimh\u00e4ute bei\n Vitamin A tr\u00e4gt zur normalen  \n Funktion des Immunsystems und  \n zur normalen Zellteilung bei\nnur 17,90 \u20ac\n60 Soft-Gel-Kapseln  \n(1 Pck = 22,8 g, Grundpreis: 78,51 \u20ac/100 g) \n* Zu Risiken und Nebenwirkungen bitte die Packungsbeilage lesen  \n und einen Arzt oder Apotheker fragen.\nWenn ein Medikament aufgrund von Nebenwirkungen zur\u00fcck-  \ngegeben wird, sind wir rechtlich verpflichtet, diese zu dokumen-  \ntieren und nach dem Grund der R\u00fcckgabe zu fragen.\n1. Die ausbalancierte Ern\u00e4hrung:  \nSorgen Sie f\u00fcr k\u00f6stliche, pflanzenreiche \nund frische Kost. Vielleicht achten Sie mal \ndarauf, dass Ihr Essen bio und/oder nahezu \nzuckerfrei ist. Sich ausgewogen ern\u00e4hren \nhei\u00dft, die Verdauung zu verbessern, \n\u00dcbergewicht zu reduzieren, die Haut zu \nreinigen, die Energie zu steigern und die \nStimmung auszugleichen.2. Die Tiefenreinigung:  \nLassen Sie sich beraten und g\u00f6nnen Sie sich \nregelm\u00e4\u00dfig Besuche bei der Kosmetikerin.\n3. Ganz-K\u00f6rper-Reset: \nWie w\u00e4re es mit einer Fastenwoche oder \ndem intermittierenden Fasten? Gehen Sie \nin die Buchhandlung und st\u00f6bern Sie nach \npassender Literatur.\u201eTsch\u00fcss Sommer!\u201c Der Abschied vom Sommer ist eine gute Gelegenheit, eine neue, \nlebensver\u00e4ndernde Routine f\u00fcr die zweite Jahresh\u00e4lfte zu schaffen. Wir stellen Ideen f\u00fcr Ihr \nstrahlendes Selbst vor. Einfach ausw\u00e4hlen und beginnen.Themen / Beauty\nARZNEIMITTEL\n3 Wege, um in Balance zu bleibenS._ 66 S._ 67\nWeitere Produktinformationen im Internet unter www.medicom.deThemen / Abnehmen\nNat\u00fcrliches Verlangen\nDer Wunsch nach nat\u00fcrlichen Produkten und Rezepturen, die uns dabei unterst\u00fctzen, \ndas Wohlf\u00fchlgewicht sowohl zu erlangen als auch zu halten, ist bis in die Kategorie \nDi\u00e4ten angekommen. Zertifizierte Abnehmprodukte, ohne k\u00fcnstliche oder verd\u00e4ch-\ntige Inhaltsstoffe, erfreuen sich einer immer st\u00e4rker werdenden Nachfrage. Das ist \nauch richtig so, denn es ist Ihr K\u00f6rper. Die Nat\u00fcrlichkeit der Inhaltsstoffe unserer Ab-\nnehm-Produkte war von Anfang an ein wichtiges Kriterium.\nAuch interessant\nGute  \nREISE \nTipp  \nDETOX \nsiehe Seite 45 siehe Seite 58\nAuch als  \nAbnehm-  \nKombi\nSIE SELBST   \nSEINS._ 68 S._ 69\nScannen Sie mit Ihrem Smartphone \nden Code und gelangen Sie direkt \nauf die richtige Seite.\nWeitere Produktinformationen im Internet unter www.medicom.de Einzigartige Rezeptur mit Schisan-  \n drafr\u00fcchte- und Ginkgo-biloba- \n Extrakt \n Vitamin B 12 tr\u00e4gt zur normalen  \n Nervenfunktion und zum normalen  \n Energiestoffwechsel bei L-Arginin ist ein Eiwei\u00dfbaustein, der \n sich besonders in Blutgef\u00e4\u00dfen und  \n im Gehirn nachweisen l\u00e4sst\nnur 13,50 \u20ac\n30 Kapseln  \n(1 Pck = 18,2 g, Grundpreis: 74,18 \u20ac/100 g) \n JETZT\nZUH\u00d6RENDie chinesische PowerfruchtThemen / Geh\u00f6rS._ 70 S._ 71\n 600 \u00b5g Fols\u00e4ure pro Tablette\n Fols\u00e4ure tr\u00e4gt zu einem normalen  \n Homocystein-Stoffwechsel bei\n Fols\u00e4ure unterst\u00fctzt die normale  \n Blutbildung\nnur 5,90 \u20ac\n60 Tabletten  \n(1 Pck = 8,4 g, \nGrundpreis: 70,24 \u20ac/100 g) \n Pantothens\u00e4ure tr\u00e4gt zur normalen  \n geistigen Leistungsf\u00e4higkeit bei \n Vitamin B 1, B2, B6, B12, Biotin und  \n Niacin tragen zur normalen  \n Funktion des Nervensystems bei\nnur 36,90 \u20ac\n60 Tabletten  \n(1 Pck = 69 g, Grundpreis: 53,48 \u20ac/100 g)   mit 200 mg Heidelbeerextrakt pro  \n Kapsel\n Vitamin C, Vitamin E, Selen und  \n Zink tragen zum Schutz der Zellen  \n vor oxidativem Stress bei\n Zink tr\u00e4gt zum Erhalt der normalen  \n Sehkraft und zum normalen Stoff-  \n wechsel der Makron\u00e4hrstoffe bei\nnur 21,40 \u20ac\n60 Soft-Gel-Kapseln  \n(1 Pck = 106 g, Grundpreis: 20,19 \u20ac/100 g) \nThemen / Auch interessant\nWeitere Produktinformationen im Internet unter www.medicom.de\nSCHAUEN SIE \nMAL   S._ 73\ndas war eine richtig\ngute Wahl!\nF\u00fchlen Sie sich jeden Tag gut.  \nSteigern Sie mit uns Ihr Wohlbefinden.\nVersandkostenfrei ab \n15 Euro Bestellwert.Ohne Wenn und Aber - inklusive \n2-monatige Geld-zur\u00fcck-Garantie.Deutsche Entwicklung,  \nzertifizierte Qualit\u00e4t.  Seit 25 Jahren Vollprofis \nf\u00fcr Nahrungserg\u00e4nzungen.\nMedicom-Chat unter\nwww.medicom.degeb\u00fchrenfrei per Fax unter\n0800 - 73 77 700\nper E-Mail unter\ninfo@medicom.deAus dem Ausland\n+49 (0) 5041 78 - 0geb\u00fchrenfrei per Telefon unter\n0800 - 50 400 50\nper SMS unter\n+49 152 - 587 587 54Sie haben Fragen zu Ihrer Bestellung?\nWir sind montags bis freitags von 8:00 bis 19:00 Uhr f\u00fcr Sie da. Sie erreichen uns:Vitamine, Mineralstoffe, Heilpflanzen aus der Natur. Das ist die Leidenschaft von Medicom. \nDeswegen pflegen wir Qualit\u00e4t von Anfang an. Medicom setzt nur ausgew\u00e4hlte Rohstoffe \nein und unterzieht sie strengsten Reinheitspr\u00fcfungen. Nur wenn die von uns geforderte \nQualit\u00e4t gew\u00e4hrleistet ist, wird der Rohstoff f\u00fcr ein Produkt freigegeben. W\u00e4hrend und \nnach dem Herstellungsprozess setzen wir auf h\u00f6chste Qualit\u00e4tsstandards \u2013 von der \nHerstellung bis zum Paketversand. \nAuf die falsche F\u00e4hrte gebrachtUnsere LeidenschaftWIDERRUFSRECHT\nSie haben das Recht, binnen vierzehn Tagen ohne \nAngabe von Gr\u00fcnden den Vertrag zu widerrufen. Die \nWiderrufsfrist betr\u00e4gt vierzehn Tage ab dem Tag, an \ndem Sie oder ein von Ihnen benannter Dritter, der \nnicht der Bef\u00f6rderer ist, die letzte Teilsendung oder das \nletzte St\u00fcck in Besitz genommen haben bzw. hat. Um Ihr \nWiderrufsrecht auszu\u00fcben, m\u00fcssen Sie uns, \nMedicom Pharma GmbH\nAbteilung Kundendienst\nSedem\u00fcnder 2\n31832 Springe\nTel.: 0800 - 73 77 730 \nFax: 0800 - 73 77 700\nE-Mail: info@medicom.de \nmittels einer eindeutigen Erkl\u00e4rung (z.B. ein mit der \nPost versandter Brief, Telefax oder E-Mail) \u00fcber Ihren \nEntschluss, diesen Vertrag zu widerrufen, informieren. \nSie k\u00f6nnen bei der erhaltenen Bestellung das beigef\u00fcgte \nMuster-Widerrufsformular verwenden, das jedoch nicht \nvorgeschrieben ist. \nZur Wahrung der Widerrufsfrist reicht es aus, dass Sie \ndie Mitteilung \u00fcber die Aus\u00fcbung des Widerrufsrechts \nvor Ablauf der Widerrufsfrist absenden.\nFolgen des Widerrufs\nWenn Sie diesen Vertrag widerrufen, haben wir Ihnen \nalle Zahlungen, die wir von Ihnen erhalten haben, \neinschlie\u00dflich der Lieferkosten (mit Ausnahme der \nzus\u00e4tzlichen Kosten, die sich daraus ergeben, dass \nSie eine andere Art der Lieferung als die von uns \nangebotene, g\u00fcnstigste Standardlieferung gew\u00e4hlt \nhaben), unverz\u00fcglich und sp\u00e4testens binnen vierzehn \nTagen ab dem Tag zur\u00fcckzuzahlen, an dem die \nMitteilung \u00fcber Ihren Widerruf dieses Vertrags bei uns \neingegangen ist. F\u00fcr diese R\u00fcckzahlung verwenden wir \ndasselbe Zahlungsmittel, das Sie bei der urspr\u00fcnglichen \nTransaktion eingesetzt haben, es sei denn, mit Ihnen \nwurde ausdr\u00fccklich etwas anderes vereinbart; in keinem \nFall werden Ihnen wegen dieser R\u00fcckzahlung Entgelte \nberechnet. \nSie haben die Waren unverz\u00fcglich und in jedem Fall \nsp\u00e4testens binnen vierzehn Tagen ab dem Tag, an dem \nSie uns \u00fcber den Widerruf dieses Vertrags unterrichten, \nan uns zur\u00fcckzusenden oder zu \u00fcbergeben. Die Frist ist \ngewahrt, wenn Sie die Waren vor Ablauf der Frist von \nvierzehn Tagen absenden. Wir tragen die Kosten der \nR\u00fccksendung der Waren. Sie m\u00fcssen f\u00fcr einen etwaigen \nWertverlust der Waren nur aufkommen, wenn dieser \nWertverlust auf einen zur Pr\u00fcfung der Beschaffenheit, \nEigenschaften und Funktionsweise der Waren nicht \nnotwendigen Umgang mit ihnen zur\u00fcckzuf\u00fchren ist.\nBei der R\u00fccknahme von Arzneimitteln im Rahmen des \nWiderrufsrechts sind wir verpflichtet, Sie nach dem \nGrund der R\u00fcckgabe zu fragen. Sie m\u00fcssen nur dann \neinen Grund angeben, sofern der Widerruf aufgrund von \nNebenwirkungen erfolgt.Fr\u00fchzeitiges Erl\u00f6schen des Widerrufsrechts\nDas Widerrufsrecht erlischt vorzeitig bei Vertr\u00e4gen \nzur Lieferung versiegelter Waren, die aus Gr\u00fcnden \ndes Gesundheitsschutzes oder der Hygiene nicht zur \nR\u00fcckgabe geeignet sind, wenn ihre Versiegelung nach \nder Lieferung entfernt wurde. \nWiderrufsformular\nUnd so k\u00f6nnen Sie Ihren Vertrag mit Medicom Pharma \nGmbH widerrufen:\nVerwenden Sie das fertige Widerrufsformular, das wir \nIhnen zusammen mit Ihrer Bestellung zur Verf\u00fcgung \nstellen, oder das Sie unter www.medicom.de/widerruf \ndownloaden k\u00f6nnen.\nBesondere Hinweise\n2-monatige Geld-zur\u00fcck-Garantie: Wir r\u00e4umen Ihnen als \nVerbraucher zus\u00e4tzlich zu Ihren gesetzlich zustehenden \n14-t\u00e4gigen Widerrufsrechts die M\u00f6glichkeit ein, \nbis zu 60 Tage nach Erhalt der Ware von unserem \nGeld-zur\u00fcck-Versprechen Gebrauch zu machen. Die \ngesetzlichen Regelungen zum Widerrufsrecht werden \nnicht eingeschr\u00e4nkt, w\u00e4hrend der Widerrufsfrist \ngelten ausschlie\u00dflich die gesetzlichen Regelungen zum \nWiderrufsrecht. \nDATENSCHUTZ\nWir freuen uns \u00fcber Ihr Interesse an unserem \nUnternehmen. Der Schutz Ihrer Privatsph\u00e4re ist f\u00fcr \nuns sehr wichtig. Nachstehend informieren wir Sie \nausf\u00fchrlich \u00fcber den Umgang mit Ihren Daten.\nDatenerhebung und -verwendung zur Vertrags-\nabwicklung und bei Er\u00f6ffnung eines Kundenkontos\nWir erheben personenbezogene Daten, wenn Sie \nuns diese im Rahmen Ihrer Bestellung, bei einer \nKontaktaufnahme mit uns (z.B. per Bestellformular \noder E-Mail) oder bei Er\u00f6ffnung eines Kundenkontos \nfreiwillig mitteilen. Welche Daten erhoben werden, \nist aus den jeweiligen Eingabeformularen ersichtlich. \nWir verwenden die von Ihnen mitgeteilten Daten zur \nVertragsabwicklung und Bearbeitung Ihrer Anfragen. \nNach vollst\u00e4ndiger Abwicklung des Vertrages oder \nL\u00f6schung Ihres Kundenkontos werden Ihre Daten f\u00fcr \ndie weitere Verwendung gesperrt und nach Ablauf der \nsteuer- und handelsrechtlichen Aufbewahrungsfristen \ngel\u00f6scht, sofern Sie nicht ausdr\u00fccklich in eine weitere \nNutzung Ihrer Daten eingewilligt haben oder wir uns \neine dar\u00fcber hinausgehende Datenverwendung \nvorbehalten, die gesetzlich erlaubt ist und \u00fcber die \nwir Sie nachstehend informieren. Die L\u00f6schung Ihres \nKundenkontos ist jederzeit m\u00f6glich und kann entweder \ndurch eine Nachricht an die unten beschriebene \nKontaktm\u00f6glichkeit oder \u00fcber eine daf\u00fcr vorgesehene \nFunktion im Kundenkonto erfolgen.\nDatenweitergabe zur Vertragserf\u00fcllung\nZur Vertragserf\u00fcllung geben wir Ihre Daten an das mit \nder Lieferung beauftragte Versandunternehmen weiter, \nsoweit dies zur Lieferung bestellter Waren erforderlich \nist. Je nach dem, welchen Zahlungsdienstleister Sie im Bestellprozess ausw\u00e4hlen, geben wir zur Abwicklung \nvon Zahlungen die hierf\u00fcr erhobenen Zahlungsdaten \nan das mit der Zahlung beauftragte Kreditinstitut und \nggf. von uns beauftragte Zahlungsdienstleister weiter \nbzw. an den ausgew\u00e4hlten Zahlungsdienst. Zum Teil \nerheben die ausgew\u00e4hlten Zahlungsdienstleister diese \nDaten auch selbst, soweit Sie dort ein Konto anlegen. In \ndiesem Fall m\u00fcssen Sie sich im Bestellprozess mit Ihren \nZugangsdaten bei dem Zahlungsdienstleister anmelden. \nEs gilt insoweit die Datenschutzerkl\u00e4rung des jeweiligen \nZahlungsdienstleisters.\nDatenverwendung f\u00fcr Postwerbung und Ihr Wider-\nspruchsrecht\nDar\u00fcber hinaus behalten wir uns vor, Ihren Vor- und \nNachnamen, Ihre Postanschrift und - soweit wir diese \nzus\u00e4tzlichen Angaben im Rahmen der Vertragsbeziehung \nvon Ihnen erhalten haben - Ihren Titel, akademischen \nGrad, Ihr Geburtsjahr und Ihre Berufs-, Branchen- oder \nGesch\u00e4ftsbezeichnung in zusammengefassten Listen \nzu speichern und f\u00fcr eigene Werbezwecke zu nutzen, \nz.B. zur Zusendung von interessanten Angeboten und \nInformationen zu unseren Produkten per Briefpost. Sie \nk\u00f6nnen der Speicherung und Verwendung Ihrer Daten \nzu diesen Zwecken jederzeit durch eine Nachricht an die \nunten beschriebene Kontaktm\u00f6glichkeit widersprechen.\nBonit\u00e4tspr\u00fcfung und Scoring\nSofern wir in Vorleistung treten, z.B. beim Kauf \nauf Rechnung, behalten wir uns vor, zur Wahrung \nunserer berechtigten Interessen eine Identit\u00e4ts-\nund Bonit\u00e4tsauskunft von hierauf spezialisierten \nDienstleistungsunternehmen (Wirtschaftsauskunfteien) \neinzuholen. Wir \u00fcbermitteln hierzu Ihre f\u00fcr eine \nBonit\u00e4tspr\u00fcfung ben\u00f6tigten personenbezogenen Daten \nan folgende(s) Unternehmen:\nCreditreform Boniversum GmbH\u00a0\nHellersbergstra\u00dfe 11\n41460 Neuss\nPers\u00f6nliche Daten\nDie durch die Medicom Pharma GmbH erhobenen \npers\u00f6nlichen Daten werden ausschlie\u00dflich zur Erf\u00fcllung \nund Abwicklung Ihrer Bestellung verwendet. \nDie Medicom Pharma GmbH sichert zu, dass Ihre Angaben \nentsprechend den geltenden datenschutzrechtlichen Bestimmungen vertraulich behandelt werden. Nach \ndem Bundesdatenschutzgesetz haben Sie ein Recht \nauf unentgeltliche Auskunft \u00fcber Ihre gespeicherten \nDaten sowie ggf. ein Recht auf Berichtigung, Sper-\nrung oder L\u00f6schung dieser Daten. Wir speichern \npersonenbezogene Daten nur so lange, wie es n\u00f6tig ist, \ndie Dienstleistungen auszuf\u00fchren, die Sie gew\u00fcnscht \noder zu denen Sie Ihre Einwilligung erteilt haben, sofern \nkeine anders lautenden gesetzlichen Verpflichtungen \nbestehen. Bei Angabe Ihrer E-Mail-Adresse wird diese, \num Ihnen die Sendungsverfolgung zu erm\u00f6glichen, dem \nSystem von unserem jeweiligem Distributionspartner \nzur Verf\u00fcgung gestellt. Der Distributionspartner \nunterliegt ebenfalls dem Datenschutzgesetz und wird \nIhre E-Mail-Adresse nur f\u00fcr die \u00dcbersendung der \nSendungsverfolgungsdaten verwenden. Dar\u00fcberhinaus \nfindet eine Weitergabe Ihrer Daten an Dritte zu keinem \nweiteren Zeitpunkt statt. \nSicherheit\nMedicom setzt technische und organisatorische \nSicherheitsma\u00dfnahmen ein, um die von Ihnen zur \nVerf\u00fcgung gestellten Daten durch zuf\u00e4llige oder \nvors\u00e4tzliche Manipulation, Verlust, Zerst\u00f6rung oder \nZugriff unberechtigter Personen zu sch\u00fctzen. Unsere \nSicherungsma\u00dfnahmen werden entsprechend der \ntechnologischen Entwicklung fortlaufend \u00fcberarbeitet.\nAuskunftsrecht und Kontaktm\u00f6glichkeit\nSie haben ein Recht auf unentgeltliche Auskunft \u00fcber \ndie bei uns zu Ihrer Person gespeicherten Daten sowie \nggf. ein Recht auf Berichtigung, Sperrung oder L\u00f6schung \ndieser Daten. Bei Fragen zur Erhebung, Verarbeitung \noder Nutzung Ihrer personenbezogenen Daten, bei \nAusk\u00fcnften, Berichtigung, Sperrung oder L\u00f6schung von \nDaten sowie Widerruf ggf. erteilter Einwilligungen oder \nWiderspruch gegen eine bestimmte Datenverwendung \nwenden Sie sich bitte an unseren betrieblichen \nDatenschutzbeauftragten:\nMedicom Pharma GmbH\nAbteilung Datenschutz\nFeringastra\u00dfe 4\n85774 Unterf\u00f6hring\nTelefon: 0800-73 77 730\nE-Mail: datenschutz@medicom.de\nImpressum: Herausgeber: Medicom Pharma GmbH, Feringastra\u00dfe 4, 85774 Unterf\u00f6hring \u2022 Verlag, Redaktion, Gestaltung: \nDPNY communications S. L.U. \u2022 Stand: 2019. \u00c4nderungen vorbehalten.Im Falle datenschutzrechtlicher Verst\u00f6\u00dfe steht ein Beschwerderecht bei der zust\u00e4ndigen Aufsichtsbeh\u00f6rde, dem Bayrischen Landesamt \nf\u00fcr Datenschutzaufsicht, Promenade 27, 91522 Ansbach, poststelle@lda.bayern.de, zu.\nAlle Texte, Bilder und weitere hier ver\u00f6ffentlichte Informationen, unterliegen dem Copyright der Medicom Pharma GmbH, \nSpringe. Eine Reproduktion, ein Nachdruck, auch auszugsweise, von Bildern oder Texten dieses Kataloges oder Wiedergabe \ndes Ganzen oder von Teilen ist ohne die schriftliche Genehmigung der Medicom Pharma GmbH nicht gestattet. Der Name \nMedicom, das Medicom-Logo, Medicom TERRA, Nobilin Q10, Nobilin Lyco, Nobilin Premium und Nobilin Mineral Plus sowie \nweitere als solche gekennzeichnete Namen sind eingetragene Marken der Medicom Pharma GmbH. MEDICOM COMMUNITY\n/Medicom.Gesundheit /Medicom.Gesundheit /Medicom.Wellbeing\nMedicom | Feringastra\u00dfe 4 | 85774 Unterf\u00f6hring | www.medicom.de ", "language": "PDF", "image": "PDF", "pagetype": "PDF", "links": "PDF"}