{"title": "Soventol Hydrocortisonacetat 0,5% 30 g Creme kaufen | Volksversand Versandapotheke", "author": null, "url": "https://volksversand.de/arzneimittel/soventol-hydrocortisonacetat-0-5-30-g-creme-pzn-10714367-2704666", "hostname": "volksversand.de", "description": "Soventol\u00ae HydroCortisonACETAT 0,5% Cremogel Von Haut\u00e4rzten entwickelt: Effektiv. Schnell. K\u00fchlend. Akute und besonders ausgepr\u00e4gte Haut-Irritationen wie zum Beispiel gereizte Sommerhaut (Sonnenbrand, Sonnenallergie, Mallorca-Akne),...", "sitename": "Volksversand Versandapotheke", "date": "2019-09-09", "id": null, "license": null, "body": null, "comments": "", "commentsbody": null, "raw_text": null, "text": "Der Artikel wurde erfolgreich hinzugef\u00fcgt.\nSoventol Hydrocortisonacetat 0,5% 30 g Creme\n- Juckreizstillend\n- Entz\u00fcndungslindernd\n- R\u00fcckfettend\n- Auch bei Neurodermitis\nProdukteigenschaften:\nArtikelnummer:\n2704666\nPZN:\n10714367\nInhalt:\n30 g Creme\nMarke:\nInhalt 30 g Creme\nAVP* 16,77 \u20ac 13,49 \u20ac 0.03 kg (449,67 \u20ac / 1 kg) 19\nP 130 Bonuspunkte sichern\n[Jetzt Bonuspunkte sammeln](/volksversand-bonuspunkte)\nIn folgenden Packungsgr\u00f6\u00dfen erh\u00e4ltlich\nZu Risiken und Nebenwirkungen lesen Sie bitte die Packungsbeilage und fragen Sie Ihre \u00c4rztin, Ihren Arzt oder in Ihrer Apotheke.\n24\nGRATIS\nVersand\nVersand\n[](https://volksversand.de/artikel/bite-away-neo-stichheiler-pzn-16609329-3141926)\n(1)\n[Bite away neo Stichheiler](https://volksversand.de/artikel/bite-away-neo-stichheiler-pzn-16609329-3141926)\nBei Juckreiz nach Insektenstichen\nUVP 32,95 \u20ac 24,99 \u20ac\nInhalt 1 St\u00fcck\n42\n[](https://volksversand.de/arzneimittel/hydrocortison-ratiopharm-0-5-30-g-creme-pzn-09703312-2441962)\n(6)\n[Hydrocortison-ratiopharm 0,5%](https://volksversand.de/arzneimittel/hydrocortison-ratiopharm-0-5-30-g-creme-pzn-09703312-2441962)\nBei Entz\u00fcndungssymptomen der Haut\nAVP* 10,48 \u20ac 5,99 \u20ac\nInhalt 30 g Creme\n0.03 kg (199,67 \u20ac / 1 kg)\n0.03 kg (199,67 \u20ac / 1 kg)\n41\n[](https://volksversand.de/artikel/fenistil-kuehl-roll-on-8-ml-pzn-04074946-2076206)\n(53)\n[Fenistil K\u00fchl Roll-on](https://volksversand.de/artikel/fenistil-kuehl-roll-on-8-ml-pzn-04074946-2076206)\nBei Juckreiz und Brennen\nUVP 8,50 \u20ac 4,99 \u20ac\nInhalt 8 ml Gel\n0.008 l (623,75 \u20ac / 1 l)\n0.008 l (623,75 \u20ac / 1 l)\n23\nGRATIS\nVersand\nVersand\n[](https://volksversand.de/beauty-und-pflege/la-roche-posay-effaclar-duo-lsf30-40-ml-creme-gratis-effaclar-gel-50-ml-pzn-12828709-2976348)\n(3)\n[La Roche Posay Effaclar Duo+ LSF30 40 ml Creme...](https://volksversand.de/beauty-und-pflege/la-roche-posay-effaclar-duo-lsf30-40-ml-creme-gratis-effaclar-gel-50-ml-pzn-12828709-2976348)\nZur Hautpflege\nUVP 20,90 \u20ac 15,99 \u20ac\nInhalt 40 ml Creme\n0.04 l (399,75 \u20ac / 1 l)\n0.04 l (399,75 \u20ac / 1 l)\n7\n[](https://volksversand.de/beauty-und-pflege/cerave-porentiefe-reinigung-gel-236-ml-gratis-5-ml-pzn-18168757-3163201)\n(3)\n[Cerave porentiefe Reinigung + gratis 5 ml](https://volksversand.de/beauty-und-pflege/cerave-porentiefe-reinigung-gel-236-ml-gratis-5-ml-pzn-18168757-3163201)\nPorentiefe Reinigung\nUVP 11,90 \u20ac 10,99 \u20ac\nInhalt 236 ml Gel\n0.236 l (46,57 \u20ac / 1 l)\n0.236 l (46,57 \u20ac / 1 l)\nGRATIS\nVersand\nVersand\n[](https://volksversand.de/familie-und-baby/linola-schutz-balsam-100-ml-gratis-linola-dusch-und-wasch-100-ml-pzn-10339828-3177540)\n(68)\n[Linola Schutz-Balsam + gratis Linola Dusch und...](https://volksversand.de/familie-und-baby/linola-schutz-balsam-100-ml-gratis-linola-dusch-und-wasch-100-ml-pzn-10339828-3177540)\nZur Hautpflege\n15,49 \u20ac\nInhalt 100 ml Balsam\n0.1 l (154,90 \u20ac / 1 l)\n0.1 l (154,90 \u20ac / 1 l)\n60\n[](https://volksversand.de/arzneimittel/ibuprofen-medibond-400mg-schmerztabletten-50-stueck-pzn-12472371-2909844)\n(163)\n[Ibuprofen Medibond 400mg Schmerztabletten](https://volksversand.de/arzneimittel/ibuprofen-medibond-400mg-schmerztabletten-50-stueck-pzn-12472371-2909844)\nBei Schmerzen und Fieber\nAVP* 12,52 \u20ac 4,99 \u20ac\nInhalt 50 Filmtabletten\n45\n[](https://volksversand.de/arzneimittel/nasenspray-ratiopharm-erwachsene-2-x-15-ml-pzn-00999848-2277838)\n(837)\n[NasenSpray-ratiopharm Erwachsene](https://volksversand.de/arzneimittel/nasenspray-ratiopharm-erwachsene-2-x-15-ml-pzn-00999848-2277838)\nBei Schnupfen\nAVP* 13,94 \u20ac 7,65 \u20ac\nInhalt 2 x 15 ml Nasenspray\n0.03 l (255,00 \u20ac / 1 l)\n0.03 l (255,00 \u20ac / 1 l)\n36\nGRATIS\nVersand\nVersand\n[](https://volksversand.de/arzneimittel/bepanthen-wund-und-heilsalbe-100-g-pzn-01578847-2054047)\n(105)\n[Bepanthen Wund- und Heilsalbe](https://volksversand.de/arzneimittel/bepanthen-wund-und-heilsalbe-100-g-pzn-01578847-2054047)\nBei wunder, gereizter Haut\nAVP* 18,98 \u20ac 11,99 \u20ac\nInhalt 100 g Salbe\n0.1 kg (119,90 \u20ac / 1 kg)\n0.1 kg (119,90 \u20ac / 1 kg)\n32\nGRATIS\nVersand\nVersand\n[](https://volksversand.de/arzneimittel/voltaren-schmerzgel-forte-150-g-gel-pzn-08628270-2568863)\n(530)\n[Voltaren Schmerzgel forte](https://volksversand.de/arzneimittel/voltaren-schmerzgel-forte-150-g-gel-pzn-08628270-2568863)\nEntz\u00fcndungshemmendes Schmerzgel\nAVP* 29,64 \u20ac 19,99 \u20ac\nInhalt 150 g Gel\n0.15 kg (133,27 \u20ac / 1 kg)\n0.15 kg (133,27 \u20ac / 1 kg)\n50\n[](https://volksversand.de/arzneimittel/paracetamol-medibond-500mg-schmerztabletten-20-stueck-pzn-13720440-2910792)\n(41)\n[Paracetamol Medibond 500 mg Schmerztabletten](https://volksversand.de/arzneimittel/paracetamol-medibond-500mg-schmerztabletten-20-stueck-pzn-13720440-2910792)\nBei Fieber und Schmerzen\nAVP* 3,20 \u20ac 1,59 \u20ac\nInhalt 20 Tabletten\n30\n[](https://volksversand.de/arzneimittel/fenistil-gel-50-g-pzn-01669998-2079929)\n(51)\n[Fenistil Gel](https://volksversand.de/arzneimittel/fenistil-gel-50-g-pzn-01669998-2079929)\nBei Juckreiz und Sonnenbrand\nAVP* 15,29 \u20ac 10,69 \u20ac\nInhalt 50 g Gel\n0.05 kg (213,80 \u20ac / 1 kg)\n0.05 kg (213,80 \u20ac / 1 kg)\n24\n[](https://volksversand.de/arzneimittel/soventol-hydrocort-0-5-30-g-creme-pzn-04465138-2110856)\n(18)\n[Soventol HydroCort 0,5%](https://volksversand.de/arzneimittel/soventol-hydrocort-0-5-30-g-creme-pzn-04465138-2110856)\nBei Entz\u00fcndungssymptomen der Haut\nAVP* 15,97 \u20ac 11,99 \u20ac\nInhalt 30 g Creme\n0.03 kg (399,67 \u20ac / 1 kg)\n0.03 kg (399,67 \u20ac / 1 kg)\n22\n[](https://volksversand.de/arzneimittel/soventol-hydrocort-0-5-30-ml-spray-pzn-10012814-2628170)\n(1)\n[Soventol Hydrocort 0,5%](https://volksversand.de/arzneimittel/soventol-hydrocort-0-5-30-ml-spray-pzn-10012814-2628170)\nBei Entz\u00fcndungssymptomen der Haut\nAVP* 12,97 \u20ac 9,99 \u20ac\nInhalt 30 ml Spray\n0.03 l (333,00 \u20ac / 1 l)\n0.03 l (333,00 \u20ac / 1 l)\n50\n[](https://volksversand.de/arzneimittel/ibuprofen-heumann-schmerztabletten-400-mg-50-filmtabletten-pzn-07728561-2129294)\n(302)\n[Ibuprofen Heumann Schmerztabletten 400 mg](https://volksversand.de/arzneimittel/ibuprofen-heumann-schmerztabletten-400-mg-50-filmtabletten-pzn-07728561-2129294)\nBei Schmerzen\nAVP* 11,84 \u20ac 5,89 \u20ac\nInhalt 50 Filmtabletten\n33\n[](https://volksversand.de/arzneimittel/nasic-nasenspray-2-x-15-ml-pzn-10065578-2920841)\n(228)\n[Nasic Nasenspray](https://volksversand.de/arzneimittel/nasic-nasenspray-2-x-15-ml-pzn-10065578-2920841)\nBei Schnupfen\nAVP* 17,90 \u20ac 11,99 \u20ac\nInhalt 2 x 15 ml Nasenspray\n0.03 l (399,67 \u20ac / 1 l)\n0.03 l (399,67 \u20ac / 1 l)\n45\n[](https://volksversand.de/arzneimittel/nasenduo-nasenspray-2-x-10-ml-pzn-12521543-2911972)\n(96)\n[NasenDuo Nasenspray](https://volksversand.de/arzneimittel/nasenduo-nasenspray-2-x-10-ml-pzn-12521543-2911972)\nBei Schnupfen\nAVP* 15,00 \u20ac 8,25 \u20ac\nInhalt 2 x 10 ml Nasenspray\n0.02 l (412,50 \u20ac / 1 l)\n0.02 l (412,50 \u20ac / 1 l)\n35\n[](https://volksversand.de/artikel/soventol-anti-juck-stift-4-ml-gel-pzn-14287904-2984391)\n(3)\n[Soventol Anti - Juck Stift](https://volksversand.de/artikel/soventol-anti-juck-stift-4-ml-gel-pzn-14287904-2984391)\nBei Juckreiz und Brennen\nUVP 7,97 \u20ac 5,15 \u20ac\nInhalt 4 ml Gel\n0.004 l (1.287,50 \u20ac / 1 l)\n0.004 l (1.287,50 \u20ac / 1 l)\n55\nGRATIS\nVersand\nVersand\n[](https://volksversand.de/arzneimittel/ibu-lysin-ratiopharm-400-mg-50-filmtabletten-pzn-16197884-3007390)\n(7)\n[Ibu Lysin ratiopharm 400 mg](https://volksversand.de/arzneimittel/ibu-lysin-ratiopharm-400-mg-50-filmtabletten-pzn-16197884-3007390)\nBei Schmerzen und Fieber\nAVP* 21,80 \u20ac 9,75 \u20ac\nInhalt 50 Filmtabletten\n25\n[](https://volksversand.de/arzneimittel/bepanthen-antiseptische-wundcreme-20-g-pzn-01987824-2050185)\n(46)\n[Bepanthen antiseptische Wundcreme](https://volksversand.de/arzneimittel/bepanthen-antiseptische-wundcreme-20-g-pzn-01987824-2050185)\nBei Wunden\nAVP* 7,18 \u20ac 5,35 \u20ac\nInhalt 20 g Creme\n0.02 kg (267,50 \u20ac / 1 kg)\n0.02 kg (267,50 \u20ac / 1 kg)\nSoventol\u00ae HydroCortisonACETAT 0,5% Cremogel Von Haut\u00e4rzten entwickelt: Effektiv. Schnell....\n[mehr](#)\nProduktinformationen \"Soventol Hydrocortisonacetat 0,5% 30 g Creme\"\nSoventol\u00ae HydroCortisonACETAT 0,5% Cremogel\nVon Haut\u00e4rzten entwickelt: Effektiv. Schnell. K\u00fchlend.\nAkute und besonders ausgepr\u00e4gte Haut-Irritationen wie zum Beispiel gereizte Sommerhaut (Sonnenbrand, Sonnenallergie, Mallorca-Akne), entz\u00fcndete Insektenstiche und starker Juckreiz erfordern eine effektive Form der Behandlung. Hier hat sich Soventol\u00ae HydroCortisonACETAT 0,5% Cremogel bestens bew\u00e4hrt.\nDie innovative Cremogel-Formulierung k\u00fchlt wie ein Gel und pflegt wie eine Creme. Gleichzeitig wird die spezielle Hydrocortison-Verbindung \"Hydrocortisonacetat\" schnell freigesetzt und dringt rasch in die Haut. In der Dosierung von 0,5% k\u00f6nnen so selbst akute und besonders ausgepr\u00e4gte Haut-Irritationen schnell gelindert werden.\nSoventol\u00ae HydroCortisonACETAT 0,5% Cremogel ist f\u00fcr Erwachsene und Kinder ab 6 Jahren geeignet und kann bei j\u00fcngeren Kindern nach \u00e4rztlicher Verordnung eingesetzt werden.\nAnwendungsgebiete von Soventol\u00ae HydroCortisonACETAT 0,5% Cremogel\nHier finden Sie die Anwendungsgebiete von Soventol\u00ae HydroCortisonACETAT 0,5% Cremogel im \u00dcberblick:\n- Sonnenbrand\n- Sonnenallergie\n- Mallorca-Akne\n- Entz\u00fcndete Insektenstiche\n- Starker Juckreiz\nHintergrund: Was ist Hydrocortisonacetat?\nBei Hydrocortisonacetat handelt es sich um eine besondere Verbindung des k\u00f6rpereigenen Wirkstoffs Hydrocortison. Der zentrale Vorteil: Hydrocortison wird als Acetat sehr gut aus der Cremogel-Galenik freigesetzt und dringt besonders schnell in die Haut, um dort lokal seine entz\u00fcndungshemmende Wirkung zu entfalten. Das bedeutet: Die antiallergische, entz\u00fcndungslindernde und juckreizstillende Wirkung von Hydrocortison kann sich besonders rasch entfalten.\nIn Soventol\u00ae HydroCortisonACETAT 0,5% Cremogel liegt diese besondere Hydrocortison-Verbindung ausreichend hoch dosiert vor, um selbst besonders ausgepr\u00e4gte Beschwerden effektiv zu bek\u00e4mpfen.\nF\u00fcr die herausragende Wirksamkeit spielt aber nicht nur der Wirkstoff, sondern insbesondere auch die innovative Cremogel-Formulierung eine wichtige Rolle.\nDie innovative Cremogel-Formulierung\nSoventol\u00ae HydroCortisonACETAT 0,5% \u00fcberzeugt zudem durch eine innovative Galenik: Die Cremogel-Formulierung wurde eigens von Haut\u00e4rzten entwickelt. Das Cremogel k\u00fchlt wie ein Gel und pflegt wie eine Creme.\nDiese moderne Cremogel-Formulierung \u00fcbernimmt gleichzeitig die Rolle eines \"galenischen Wirkverst\u00e4rkers\". Tats\u00e4chlich zeigt Soventol\u00ae HydroCortisonACETAT 0,5% Cremogel eine ausgezeichnete Wirksamkei\nVorteile von Soventol\u00ae HydroCortisonACETAT 0,5% Cremogel\n- Innovative Cremogel-Formulierung\n- Effektiv, schnell, k\u00fchlend\n- K\u00fchlt wie ein Gel und pflegt wie eine Creme\n- Besonders angenehm auf gereizter Sommerhaut\n- Dosierung eignet sich speziell f\u00fcr besonders ausgepr\u00e4gte Beschwerden\n- Schnelle Wirkstoffanflutung am Wirkort (dank spezieller Hydrocortison-Verbindung und innovativer Galenik)\n- L\u00e4sst sich leicht auftragen, zieht schnell ein\n- Gute Vertr\u00e4glichkeit\n- Auch mit Make-Up kombinierbar\n- Ohne Konservierungsstoffe (auch f\u00fcr empfindliche Hautpartien wie das Gesicht geeignet)\n- Ohne klassische tensidische Emulgatoren (gerade bei Mallorca-Akne von Vorteil).\nAnwendung von Soventol\u00ae HydroCortisonACETAT 0,5% Cremogel\nTragen Sie Soventol\u00ae HydroCortisonACETAT 0,5% 2- bis 3-mal t\u00e4glich d\u00fcnn auf die erkrankten Hautstellen auf und reiben Sie das Cremogel leicht ein. Unmittelbar nach dem Auftragen des Cremogels kann leichtes Brennen auftreten, das \u00fcblicherweise rasch verschwindet. Wenn sich die Symptomatik gebessert hat, reicht oft auch eine Anwendung pro Tag aus.\nGut zu wissen: Soventol\u00ae HydroCortisonACETAT 0,5% eignet sich speziell bei normaler bis fettiger Haut und kann auch gemeinsam mit Make-Up angewendet werden.\nVon Haut\u00e4rzten entwickelt: Effektiv. Schnell. K\u00fchlend.\nAkute und besonders ausgepr\u00e4gte Haut-Irritationen wie zum Beispiel gereizte Sommerhaut (Sonnenbrand, Sonnenallergie, Mallorca-Akne), entz\u00fcndete Insektenstiche und starker Juckreiz erfordern eine effektive Form der Behandlung. Hier hat sich Soventol\u00ae HydroCortisonACETAT 0,5% Cremogel bestens bew\u00e4hrt.\nDie innovative Cremogel-Formulierung k\u00fchlt wie ein Gel und pflegt wie eine Creme. Gleichzeitig wird die spezielle Hydrocortison-Verbindung \"Hydrocortisonacetat\" schnell freigesetzt und dringt rasch in die Haut. In der Dosierung von 0,5% k\u00f6nnen so selbst akute und besonders ausgepr\u00e4gte Haut-Irritationen schnell gelindert werden.\nSoventol\u00ae HydroCortisonACETAT 0,5% Cremogel ist f\u00fcr Erwachsene und Kinder ab 6 Jahren geeignet und kann bei j\u00fcngeren Kindern nach \u00e4rztlicher Verordnung eingesetzt werden.\nAnwendungsgebiete von Soventol\u00ae HydroCortisonACETAT 0,5% Cremogel\nHier finden Sie die Anwendungsgebiete von Soventol\u00ae HydroCortisonACETAT 0,5% Cremogel im \u00dcberblick:\n- Sonnenbrand\n- Sonnenallergie\n- Mallorca-Akne\n- Entz\u00fcndete Insektenstiche\n- Starker Juckreiz\nHintergrund: Was ist Hydrocortisonacetat?\nBei Hydrocortisonacetat handelt es sich um eine besondere Verbindung des k\u00f6rpereigenen Wirkstoffs Hydrocortison. Der zentrale Vorteil: Hydrocortison wird als Acetat sehr gut aus der Cremogel-Galenik freigesetzt und dringt besonders schnell in die Haut, um dort lokal seine entz\u00fcndungshemmende Wirkung zu entfalten. Das bedeutet: Die antiallergische, entz\u00fcndungslindernde und juckreizstillende Wirkung von Hydrocortison kann sich besonders rasch entfalten.\nIn Soventol\u00ae HydroCortisonACETAT 0,5% Cremogel liegt diese besondere Hydrocortison-Verbindung ausreichend hoch dosiert vor, um selbst besonders ausgepr\u00e4gte Beschwerden effektiv zu bek\u00e4mpfen.\nF\u00fcr die herausragende Wirksamkeit spielt aber nicht nur der Wirkstoff, sondern insbesondere auch die innovative Cremogel-Formulierung eine wichtige Rolle.\nDie innovative Cremogel-Formulierung\nSoventol\u00ae HydroCortisonACETAT 0,5% \u00fcberzeugt zudem durch eine innovative Galenik: Die Cremogel-Formulierung wurde eigens von Haut\u00e4rzten entwickelt. Das Cremogel k\u00fchlt wie ein Gel und pflegt wie eine Creme.\nDiese moderne Cremogel-Formulierung \u00fcbernimmt gleichzeitig die Rolle eines \"galenischen Wirkverst\u00e4rkers\". Tats\u00e4chlich zeigt Soventol\u00ae HydroCortisonACETAT 0,5% Cremogel eine ausgezeichnete Wirksamkei\nVorteile von Soventol\u00ae HydroCortisonACETAT 0,5% Cremogel\n- Innovative Cremogel-Formulierung\n- Effektiv, schnell, k\u00fchlend\n- K\u00fchlt wie ein Gel und pflegt wie eine Creme\n- Besonders angenehm auf gereizter Sommerhaut\n- Dosierung eignet sich speziell f\u00fcr besonders ausgepr\u00e4gte Beschwerden\n- Schnelle Wirkstoffanflutung am Wirkort (dank spezieller Hydrocortison-Verbindung und innovativer Galenik)\n- L\u00e4sst sich leicht auftragen, zieht schnell ein\n- Gute Vertr\u00e4glichkeit\n- Auch mit Make-Up kombinierbar\n- Ohne Konservierungsstoffe (auch f\u00fcr empfindliche Hautpartien wie das Gesicht geeignet)\n- Ohne klassische tensidische Emulgatoren (gerade bei Mallorca-Akne von Vorteil).\nAnwendung von Soventol\u00ae HydroCortisonACETAT 0,5% Cremogel\nTragen Sie Soventol\u00ae HydroCortisonACETAT 0,5% 2- bis 3-mal t\u00e4glich d\u00fcnn auf die erkrankten Hautstellen auf und reiben Sie das Cremogel leicht ein. Unmittelbar nach dem Auftragen des Cremogels kann leichtes Brennen auftreten, das \u00fcblicherweise rasch verschwindet. Wenn sich die Symptomatik gebessert hat, reicht oft auch eine Anwendung pro Tag aus.\nGut zu wissen: Soventol\u00ae HydroCortisonACETAT 0,5% eignet sich speziell bei normaler bis fettiger Haut und kann auch gemeinsam mit Make-Up angewendet werden.\n|Produkteigenschaften:||Ohne Konservierungsmittel|\n|Wirkstoffe:||Hydrocortison acetat|\nBeipackzettel\nHersteller:\nMEDICE Arzneimittel P\u00fctter GmbH&Co.KG Kuhloweg D. 58638, Iserlohn\nKundenbewertungen\nVon: Volksversand-Kunde Am: 09.09.2019\nSehr schnelle Lieferung und beste Qualit\u00e4t!\\nIch werde auch weiter bei Ihnen bestellen !\nVon: Volksversand-Kunde Am: 05.01.2017\n****\nVon: Volksversand-Kunde Am: 22.04.2016\nBei Hautirritationen wirkt die Salbe sehr gut und schnell\n[Bewertungen ansehen und selbst bewerten!](#content--product-reviews)\nWeitere Produkte mit dem gleichen Wirkstoff\nHydrocortison acetat\nweitere Informationen \"Soventol Hydrocortisonacetat 0,5% 30 g Creme\"\nHydrocortison acetat\n- Hautentz\u00fcndung, leichte Formen, z.B bei:\n- Allergische Hauterkrankung\nDie Gesamtdosis sollte nicht ohne R\u00fccksprache mit einer \u00c4rztin, einem einem Arzt oder Apotheker \u00fcberschritten werden.\nArt der Anwe ndung?\nTragen Sie das Arzneimittel auf die betroffene(n) Hautstelle(n) auf. Waschen Sie nach der Anwendung gr\u00fcndl ich die H\u00e4nde. Vermeiden Sie den versehentlichen Kontakt mit Schleimh\u00e4uten, Augen und offenen Hautstellen.\nDau er der Anwendung?\nOhne \u00e4rztlichen Rat sollten Sie das Arzneimittel nicht l\u00e4nger als 2 Wochen anwenden. Bei l\u00e4nger anhaltenden oder regelm\u00e4\u00dfig wiederkehrenden Beschwerden sollten Sie Ihren Arzt aufsuchen.\n\u00dcberdosierung? < BR> Wird das Arzneimittel wie beschrieben angewendet, sind keine \u00dcberdosierungserscheinungen bekannt. Bei l\u00e4nger andauern der Anwendung kann es unter anderem zu Steroidakne, Erweiterung kleiner Hautgef\u00e4\u00dfe, Hautfarbenver\u00e4nderung und Hautverd\u00fcn nung kommen. Im Zweifelsfall wenden Sie sich an Ihren Arzt.\nAnwendung vergessen?\nSetzen Sie die Anwendu ng zum n\u00e4chsten vorgeschriebenen Zeitpunkt ganz normal (also nicht mit der doppelten Menge) fort.\nGenerell gilt: Achten Sie vor allem bei S\u00e4uglingen, Kleinkindern und \u00e4lteren Menschen auf eine gewissenhafte Dosierung. Im Zweifelsfall e fragen Sie Ihre \u00c4rztin, Ihren Arzt oder Apotheker nach etwaigen Auswirkungen oder Vorsichtsma\u00dfnahmen.\nEine vom Arzt verordne te Dosierung kann von den Angaben der Packungsbeilage abweichen. Da der Arzt sie individuell abstimmt, sollten Sie das A rzneimittel daher nach seinen Anweisungen anwenden.\nWie wirkt der Inhaltsstoff des Arzneimittels?\nDer Wirkstoff ist ein verwandter Stoff zum Kortison. Kortiso n ist ein Hormon, das vom K\u00f6rper auch selbst hergestellt wird.\nBei Verletzungen l\u00e4uft die k\u00f6rpereigene Abwehr auf Hoc htouren, etliche Botenstoffe und Abwehrzellen str\u00f6men zum Ort des Geschehens und vernichten eingedrungene Erreger und du rch die Verletzung entstandene Zelltr\u00fcmmer oder Blutgerinnsel. Diese Arbeit f\u00fchrt in dem betroffenen Gebiet zu Entz\u00fcndun gen und damit verbunden zu Schwellungen, R\u00f6tungen und letztlich zu Schmerzen. Der Wirkstoff drosselt diese k\u00f6rpereigenen Abwehrmechanismen, besonders wenn sie - wie etwa bei Allergien - zu \u00fcbertrieben ausf\u00e4llt. Er wirkt vor allem auf der Ha ut entz\u00fcndungshemmend und beseitigt Juckreiz, R\u00f6tungen, Schwellungen und Pusteln.\nWas spricht gegen eine Anwendung?\n- \u00dcberempfindlichkeit gegen die Inhaltsstoffe\n- Virusinfektionen der Haut, z.B.:\n- Windpocken\n- Herpes-Infektionen\n- Bakterieninfektionen der Haut, wie:\n- Hauttuberkulose\n- Syphilis (Lues) (Geschlechts- und Hautkrankheit)\n- Akne\n- Periorale Dermatitis (akne\u00e4hnliche entz\u00fcndliche Haut erkrankung im Mundbereich)\n- Rosacea (entz\u00fcndliche Hauterkrankung im Gesichtsbereich)\n- Nach einer Impfung auftret ende Hautreaktion\nWelche Altersgruppe ist zu beachten?\n- Kinder unter 6 Jahren: Das Arzneimittel darf n ur nach R\u00fccksprache mit einem Arzt oder unter \u00e4rztlicher Kontrolle angewendet werden.\nWas ist mit Schwangersch aft und Stillzeit?\n- Schwangerschaft: Wenden Sie sich an Ihren Arzt. Es spielen verschiedene \u00dcberlegungen eine Ro lle, ob und wie das Arzneimittel in der Schwangerschaft angewendet werden kann.\n- Stillzeit: Wenden Sie sich an Ihre \u00c4rztin. Ihren Arzt oder Apotheker. Er wird Ihre besondere Ausgangslage pr\u00fcfen und Sie entsprechend beraten, ob und wie Sie mit dem St illen weitermachen k\u00f6nnen.\nIst Ihnen das Arzneimittel trotz einer Gegenanzeige verordnet worden, sprechen Sie mit Ihrer \u00c4rztin, Ihrem Arzt oder Apotheker. Der therapeutische Nutzen kann h\u00f6her sein, als das Risiko, das die Anwendung bei einer Gegen anzeige in sich birgt.\nWelche unerw\u00fcnschten Wirkungen k\u00f6nnen auftreten?\n- \u00dcberempfindlichkeitsreaktionen der Haut, wie:\n- Bre nnen auf der Haut\nBemerken Sie eine Befindlichkeitsst\u00f6rung oder Ver\u00e4nderung w\u00e4hrend der Behandlung, wenden Sie si ch an Ihren Arzt oder Apotheker.\nF\u00fcr die Information an dieser Stelle werden vor allem Nebenwirkungen ber\u00fccksicht igt, die bei mindestens einem von 1.000 behandelten Patienten auftreten.\nWas sollten Sie beachten?\n- Vorsicht bei Kortikoid-Allergie (z.B. Kortison)!\n- Vorsicht bei Allergie gegen das L\u00f6sungsmittel Polyethylenglycol (E-Nummer E 431)!\n- Vorsicht bei Allergie gegen Paraffin!\n- Vorsicht bei Aller gie gegen Komplexbildner (z.B. EDTA und Triethylentetramin)!\nZusammensetzung bezogen auf 1 g Creme\nHydrocortison acetat,Hydrocortison,Wasser, gereinigtes,Isopropanol,Decylo leat,Macrogol 400,Isopropyl myristat,Paraffin, dickfl\u00fcssiges,Dickfl\u00fcssiges Paraffin,Paraffin\u00f6l,Acrylat/C10-30 alkylacryl at-Kreuzpolymer,Carbomer,Parf\u00fcm\u00f6l,Ammoniakl\u00f6sung 10%,Dinatrium edetat-2-Wasser\nBewertungen lesen, schreiben und diskutieren...\n[mehr](#)\nIhre Meinung z\u00e4hlt: Schreiben Sie jetzt eine Produktrezension und lassen Sie uns und andere Kunden wissen, wie zufrieden Sie mit dem Artikel waren und ob sie ihn weiterempfehlen w\u00fcrden.\n[JETZT BEWERTEN!](#article-review--form-container)\nBewertungen und Erfahrungen zu \"Soventol Hydrocortisonacetat 0,5% 30 g Creme\". Das meinen unsere Kunden zu diesem Produkt:\nVon: Volksversand-Kunde Am: 09.09.2019\nSehr schnelle Lieferung und beste Qualit\u00e4t!\\nIch werde auch weiter bei Ihnen bestellen !\nVon: Volksversand-Kunde Am: 05.01.2017\n****\nVon: Volksversand-Kunde Am: 22.04.2016\nBei Hautirritationen wirkt die Salbe sehr gut und schnell\nVon: Volksversand-Kunde Am: 06.10.2015\nBestellt auf Vorrat..\nVon: Volksversand-Kunde Am: 07.09.2015\nGegen Sonnenallergie, hat bei mir keine Wirkung gezeigt, werde ich nicht mehr verwenden\nVon: Volksversand-Kunde Am: 05.09.2015\nWirkung k\u00f6nnte besser sein\nBewertung schreiben\nBewertungen werden nach \u00dcberpr\u00fcfung freigeschaltet\nCookie-Einstellungen\nHier k\u00f6nnen Sie Ihre pers\u00f6nlichen Einstellungen vornehmen. F\u00fcr ein bestm\u00f6gliches Einkaufserlebnis empfehlen wir Ihnen, alle Cookies zuzulassen.\nKonfiguration\nTechnisch erforderlich\nDiese Cookies sind f\u00fcr die Grundfunktionen des Shops notwendig.\nKomfortfunktionen\nDiese Cookies werden genutzt um das Einkaufserlebnis noch ansprechender zu gestalten, beispielsweise f\u00fcr die Wiedererkennung des Besuchers.\nStatistik & Tracking\nDiese Cookies erfassen anonymisierte Informationen f\u00fcr Statistiken und Analysen.\nService-Dienstleister\nAuf unserer Website werden externe Dienstleister eingebunden, die Ihren Service eigenverantwortlich erbringen.\nZuletzt angesehen", "language": null, "image": "https://property.volksversand.de/media/image/08/a0/29/10302079-soventol_hydrocortisonacetat_0_5_g.jpg", "pagetype": "product", "links": ["https://volksversand.de/", "/ratgeber/", "/faq", "https://volksversand.de/kontaktformular", "https://volksversand.de/volksversand-bonuspunkte", "https://volksversand.de/datenschutz", "https://volksversand.de/rueckrufservice", "https://volksversand.de/versandkosten", "https://volksversand.de/agb", "https://volksversand.de/liefer-und-zahlungsinformationen", "https://volksversand.de/impressum", "https://volksversand.de/widerrufsrecht", "/bonuspunkte", "https://volksversand.de/", "/bewertungen-zertifikate-und-auszeichnungen", "#offcanvas--left", "#show-hide--search", "/bewertungen-zertifikate-und-auszeichnungen", "/arzneimittel/angebote/", "https://volksversand.de/account", "https://volksversand.de/wishlist", "https://volksversand.de/direktbestellung", "https://volksversand.de/checkout/cart", "https://volksversand.de/abnehmen-sport-und-ernaehrung/", "https://volksversand.de/arzneimittel/", "https://volksversand.de/beauty-und-pflege/", "https://volksversand.de/familie-und-baby/", "https://volksversand.de/naturheilmittel-und-homoeopathie/", "https://volksversand.de/tiergesundheit-und-tierbedarf/", "https://volksversand.de/abnehmen-sport-und-ernaehrung/", "https://volksversand.de/abnehmen-sport-und-ernaehrung/diaet-und-abnehmen/", "https://volksversand.de/abnehmen-sport-und-ernaehrung/fitness-und-sportzubehoer/", "https://volksversand.de/abnehmen-sport-und-ernaehrung/gesunde-ernaehrung/", "https://volksversand.de/abnehmen-sport-und-ernaehrung/sportnahrung/", "https://volksversand.de/abnehmen-sport-und-ernaehrung/vegane-nahrungsergaenzung/", "https://volksversand.de/abnehmen-sport-und-ernaehrung/", "https://volksversand.de/arzneimittel/", "https://volksversand.de/arzneimittel/angebote/", "https://volksversand.de/arzneimittel/neu-im-sortiment/", "https://volksversand.de/arzneimittel/gratis-beigaben/", "https://volksversand.de/arzneimittel/allergie-und-heuschnupfen/", "https://volksversand.de/arzneimittel/augen-nase-und-ohren/", "https://volksversand.de/arzneimittel/beruhigung-schlaf-und-wohlbefinden/", "https://volksversand.de/arzneimittel/erkaeltung-und-grippe/", "https://volksversand.de/arzneimittel/haut-haare-und-naegel/", "https://volksversand.de/arzneimittel/knochen-gelenke-und-muskeln/", "https://volksversand.de/arzneimittel/magen-und-darm/", "https://volksversand.de/arzneimittel/reiseapotheke/", "https://volksversand.de/arzneimittel/schmerzmittel/", "https://volksversand.de/arzneimittel/vitamine-und-mineralien/", "https://volksversand.de/arzneimittel/", "https://volksversand.de/beauty-und-pflege/", "https://volksversand.de/beauty-und-pflege/baden-und-duschen/", "https://volksversand.de/beauty-und-pflege/bodylotion-und-koerperpflege/", "https://volksversand.de/beauty-und-pflege/fusscreme/", "https://volksversand.de/beauty-und-pflege/gesichtspflege/", "https://volksversand.de/beauty-und-pflege/haarpflege/", "https://volksversand.de/beauty-und-pflege/handcreme/", "https://volksversand.de/beauty-und-pflege/maennerpflege/", "https://volksversand.de/beauty-und-pflege/narbenpflege/", "https://volksversand.de/beauty-und-pflege/naturkosmetik/", "https://volksversand.de/beauty-und-pflege/sonnenschutz/", "https://volksversand.de/beauty-und-pflege/vegane-kosmetik/", "https://volksversand.de/beauty-und-pflege/wirkstoffe/", "https://volksversand.de/beauty-und-pflege/geschenkideen/", "https://volksversand.de/beauty-und-pflege/sale/", "https://volksversand.de/beauty-und-pflege/", "https://volksversand.de/familie-und-baby/", "https://volksversand.de/familie-und-baby/babynahrung/", "https://volksversand.de/familie-und-baby/fuer-ihn/", "https://volksversand.de/familie-und-baby/fuer-senioren/", "https://volksversand.de/familie-und-baby/fuer-sie/", "https://volksversand.de/familie-und-baby/gesundheit/", "https://volksversand.de/familie-und-baby/haeusliche-pflege-und-hilfsmittel/", "https://volksversand.de/familie-und-baby/hygiene-und-infektionsschutz/", "https://volksversand.de/familie-und-baby/kinderpflaster/", "https://volksversand.de/familie-und-baby/kinderreiseapotheke/", "https://volksversand.de/familie-und-baby/kinder-und-babypflege/", "https://volksversand.de/familie-und-baby/kinderwunsch/", "https://volksversand.de/familie-und-baby/mueckenschutz-und-mueckenstiche/", "https://volksversand.de/familie-und-baby/schwangerschaft/", "https://volksversand.de/familie-und-baby/stillzeit/", "https://volksversand.de/familie-und-baby/verhuetung/", "https://volksversand.de/familie-und-baby/windeln/", "https://volksversand.de/familie-und-baby/zahnen-zahnpflege/", "https://volksversand.de/familie-und-baby/sale/", "https://volksversand.de/familie-und-baby/", "https://volksversand.de/naturheilmittel-und-homoeopathie/", "https://volksversand.de/naturheilmittel-und-homoeopathie/allgemeine-homoeopathie/", "https://volksversand.de/naturheilmittel-und-homoeopathie/anthroposophie/", "https://volksversand.de/naturheilmittel-und-homoeopathie/anwendungsgebiete/", "https://volksversand.de/naturheilmittel-und-homoeopathie/aetherische-oele/", "https://volksversand.de/naturheilmittel-und-homoeopathie/bachblueten/", "https://volksversand.de/naturheilmittel-und-homoeopathie/einzelmittel/", "https://volksversand.de/naturheilmittel-und-homoeopathie/heilerde/", "https://volksversand.de/naturheilmittel-und-homoeopathie/komplexmittel/", "https://volksversand.de/naturheilmittel-und-homoeopathie/schuessler-salze/", "https://volksversand.de/naturheilmittel-und-homoeopathie/weitere-naturheilmittel/", "https://volksversand.de/naturheilmittel-und-homoeopathie/", "https://volksversand.de/tiergesundheit-und-tierbedarf/", "https://volksversand.de/tiergesundheit-und-tierbedarf/hunde/", "https://volksversand.de/tiergesundheit-und-tierbedarf/katzen/", "https://volksversand.de/tiergesundheit-und-tierbedarf/pferde/", "https://volksversand.de/tiergesundheit-und-tierbedarf/weitere-produkte/", "https://volksversand.de/tiergesundheit-und-tierbedarf/", "https://volksversand.de/", "https://volksversand.de/arzneimittel/", "https://volksversand.de/arzneimittel/haut-haare-und-naegel/", "https://volksversand.de/arzneimittel/haut-haare-und-naegel/haut/", "https://volksversand.de/arzneimittel/haut-haare-und-naegel/haut/cortisonpraeparate/", "#close-categories-menu", "https://volksversand.de/", "https://volksversand.de/", "https://volksversand.de/abnehmen-sport-und-ernaehrung/", "https://volksversand.de/arzneimittel/", "https://volksversand.de/arzneimittel/angebote/", "https://volksversand.de/arzneimittel/neu-im-sortiment/", "https://volksversand.de/arzneimittel/gratis-beigaben/", "https://volksversand.de/arzneimittel/allergie-und-heuschnupfen/", "https://volksversand.de/arzneimittel/augen-nase-und-ohren/", "https://volksversand.de/arzneimittel/beruhigung-schlaf-und-wohlbefinden/", "https://volksversand.de/arzneimittel/blase-nieren-und-prostata/", "https://volksversand.de/arzneimittel/diabetes/", "https://volksversand.de/arzneimittel/erkaeltung-und-grippe/", "https://volksversand.de/arzneimittel/gedaechtnis/", "https://volksversand.de/arzneimittel/gefaesse-und-venen/", "https://volksversand.de/arzneimittel/hausapotheke/", "https://volksversand.de/arzneimittel/haut-haare-und-naegel/", "https://volksversand.de/arzneimittel/haut-haare-und-naegel/haare/", "https://volksversand.de/arzneimittel/haut-haare-und-naegel/haut/", "https://volksversand.de/arzneimittel/haut-haare-und-naegel/haut/blasen-und-huehneraugen/", "https://volksversand.de/arzneimittel/haut-haare-und-naegel/haut/cortisonpraeparate/", "https://volksversand.de/arzneimittel/haut-haare-und-naegel/haut/ekzem/", "https://volksversand.de/arzneimittel/haut-haare-und-naegel/haut/fusspilz/", "https://volksversand.de/arzneimittel/haut-haare-und-naegel/haut/hautpilz/", "https://volksversand.de/arzneimittel/haut-haare-und-naegel/haut/herpes/", "https://volksversand.de/arzneimittel/haut-haare-und-naegel/haut/hornhaut/", "https://volksversand.de/arzneimittel/haut-haare-und-naegel/haut/juckreiz/", "https://volksversand.de/arzneimittel/haut-haare-und-naegel/haut/kraetze/", "https://volksversand.de/arzneimittel/haut-haare-und-naegel/haut/neurodermitis/", "https://volksversand.de/arzneimittel/haut-haare-und-naegel/haut/schuppenflechte/", "https://volksversand.de/arzneimittel/haut-haare-und-naegel/haut/schwitzen-und-gerueche/", "https://volksversand.de/arzneimittel/haut-haare-und-naegel/haut/tattoopflege/", "https://volksversand.de/arzneimittel/haut-haare-und-naegel/haut/verbrennungen-und-verletzungen/", "https://volksversand.de/arzneimittel/haut-haare-und-naegel/haut/warzen/", "https://volksversand.de/arzneimittel/haut-haare-und-naegel/haut/weitere-produkte/", "https://volksversand.de/arzneimittel/haut-haare-und-naegel/naegel/", "https://volksversand.de/arzneimittel/haut-haare-und-naegel/weitere-produkte/", "https://volksversand.de/arzneimittel/herz-kreislauf/", "https://volksversand.de/arzneimittel/knochen-gelenke-und-muskeln/", "https://volksversand.de/arzneimittel/leber-und-galle/", "https://volksversand.de/arzneimittel/magen-und-darm/", "https://volksversand.de/arzneimittel/mund-und-zaehne/", "https://volksversand.de/arzneimittel/raucherentwoehnung/", "https://volksversand.de/arzneimittel/reiseapotheke/", "https://volksversand.de/arzneimittel/schmerzmittel/", "https://volksversand.de/arzneimittel/vitamine-und-mineralien/", "https://volksversand.de/beauty-und-pflege/", "https://volksversand.de/familie-und-baby/", "https://volksversand.de/naturheilmittel-und-homoeopathie/", "https://volksversand.de/tiergesundheit-und-tierbedarf/", "https://volksversand.de/marke/", "https://volksversand.de/ratgeber/", "https://volksversand.de/wirkstoffe/", "", "/faq", "https://volksversand.de/kontaktformular", "https://volksversand.de/volksversand-bonuspunkte", "https://volksversand.de/datenschutz", "https://volksversand.de/rueckrufservice", "https://volksversand.de/versandkosten", "https://volksversand.de/agb", "https://volksversand.de/liefer-und-zahlungsinformationen", "https://volksversand.de/impressum", "https://volksversand.de/widerrufsrecht", "/ratgeber/", "https://volksversand.de/rueckrufservice", "https://volksversand.de/versandkosten", "#product--publish-comment", "#content--product-reviews", "https://www.facebook.com/sharer.php?u=https://volksversand.de/arzneimittel/soventol-hydrocortisonacetat-0-5-30-g-creme-pzn-10714367-2704666&p[title]=Soventol%20Hydrocortisonacetat%200%2C5%25%2030%20g%20Creme", "https://pinterest.com/pin/create/button/?url=https://volksversand.de/arzneimittel/soventol-hydrocortisonacetat-0-5-30-g-creme-pzn-10714367-2704666>&description=Soventol%20Hydrocortisonacetat%200%2C5%25%2030%20g%20Creme", null, "", "", "", "", "", "", "", "", "", "", "", "", "", "#", "#", "#", "#", "#", "#", "#", "#", "#", "#", "#", "#", "#", "https://volksversand.de/soventol/", "https://volksversand.de/versandkosten", "/volksversand-bonuspunkte", "https://volksversand.de/arzneimittel/soventol-hydrocortisonacetat-0-5-30-g-creme-pzn-10714367-2704666", "https://volksversand.de/arzneimittel/soventol-hydrocortisonacetat-0-5-15-g-creme-pzn-10714350-2704674", "#content--custom-crossselling", "#", "https://volksversand.de/artikel/bite-away-neo-stichheiler-pzn-16609329-3141926", "https://volksversand.de/artikel/bite-away-neo-stichheiler-pzn-16609329-3141926", "https://volksversand.de/beauty-und-pflege/dexeryl-creme-500-g-creme-pzn-07379385-2473387", "https://volksversand.de/beauty-und-pflege/dexeryl-creme-500-g-creme-pzn-07379385-2473387", "https://volksversand.de/arzneimittel/hydrocortison-ratiopharm-0-5-30-g-creme-pzn-09703312-2441962", "https://volksversand.de/arzneimittel/hydrocortison-ratiopharm-0-5-30-g-creme-pzn-09703312-2441962", "https://volksversand.de/artikel/fenistil-kuehl-roll-on-8-ml-pzn-04074946-2076206", "https://volksversand.de/artikel/fenistil-kuehl-roll-on-8-ml-pzn-04074946-2076206", "https://volksversand.de/beauty-und-pflege/la-roche-posay-effaclar-duo-lsf30-40-ml-creme-gratis-effaclar-gel-50-ml-pzn-12828709-2976348", "https://volksversand.de/beauty-und-pflege/la-roche-posay-effaclar-duo-lsf30-40-ml-creme-gratis-effaclar-gel-50-ml-pzn-12828709-2976348", "https://volksversand.de/beauty-und-pflege/cerave-porentiefe-reinigung-gel-236-ml-gratis-5-ml-pzn-18168757-3163201", "https://volksversand.de/beauty-und-pflege/cerave-porentiefe-reinigung-gel-236-ml-gratis-5-ml-pzn-18168757-3163201", "https://volksversand.de/familie-und-baby/linola-schutz-balsam-100-ml-gratis-linola-dusch-und-wasch-100-ml-pzn-10339828-3177540", "https://volksversand.de/familie-und-baby/linola-schutz-balsam-100-ml-gratis-linola-dusch-und-wasch-100-ml-pzn-10339828-3177540", "#content--also-bought", "#", "https://volksversand.de/arzneimittel/ibuprofen-medibond-400mg-schmerztabletten-50-stueck-pzn-12472371-2909844", "https://volksversand.de/arzneimittel/ibuprofen-medibond-400mg-schmerztabletten-50-stueck-pzn-12472371-2909844", "https://volksversand.de/arzneimittel/nasenspray-ratiopharm-erwachsene-2-x-15-ml-pzn-00999848-2277838", "https://volksversand.de/arzneimittel/nasenspray-ratiopharm-erwachsene-2-x-15-ml-pzn-00999848-2277838", "https://volksversand.de/arzneimittel/bepanthen-wund-und-heilsalbe-100-g-pzn-01578847-2054047", "https://volksversand.de/arzneimittel/bepanthen-wund-und-heilsalbe-100-g-pzn-01578847-2054047", "https://volksversand.de/arzneimittel/voltaren-schmerzgel-forte-150-g-gel-pzn-08628270-2568863", "https://volksversand.de/arzneimittel/voltaren-schmerzgel-forte-150-g-gel-pzn-08628270-2568863", "https://volksversand.de/arzneimittel/paracetamol-medibond-500mg-schmerztabletten-20-stueck-pzn-13720440-2910792", "https://volksversand.de/arzneimittel/paracetamol-medibond-500mg-schmerztabletten-20-stueck-pzn-13720440-2910792", "https://volksversand.de/arzneimittel/fenistil-gel-50-g-pzn-01669998-2079929", "https://volksversand.de/arzneimittel/fenistil-gel-50-g-pzn-01669998-2079929", "https://volksversand.de/arzneimittel/soventol-hydrocort-0-5-30-g-creme-pzn-04465138-2110856", "https://volksversand.de/arzneimittel/soventol-hydrocort-0-5-30-g-creme-pzn-04465138-2110856", "https://volksversand.de/arzneimittel/soventol-hydrocort-0-5-30-ml-spray-pzn-10012814-2628170", "https://volksversand.de/arzneimittel/soventol-hydrocort-0-5-30-ml-spray-pzn-10012814-2628170", "https://volksversand.de/arzneimittel/lopedium-akut-bei-akutem-durchfall-10-kapseln-pzn-01939446-2054419", "https://volksversand.de/arzneimittel/lopedium-akut-bei-akutem-durchfall-10-kapseln-pzn-01939446-2054419", "https://volksversand.de/arzneimittel/ibuprofen-heumann-schmerztabletten-400-mg-50-filmtabletten-pzn-07728561-2129294", "https://volksversand.de/arzneimittel/ibuprofen-heumann-schmerztabletten-400-mg-50-filmtabletten-pzn-07728561-2129294", "https://volksversand.de/arzneimittel/nasic-nasenspray-2-x-15-ml-pzn-10065578-2920841", "https://volksversand.de/arzneimittel/nasic-nasenspray-2-x-15-ml-pzn-10065578-2920841", "https://volksversand.de/arzneimittel/nasenduo-nasenspray-2-x-10-ml-pzn-12521543-2911972", "https://volksversand.de/arzneimittel/nasenduo-nasenspray-2-x-10-ml-pzn-12521543-2911972", "https://volksversand.de/artikel/soventol-anti-juck-stift-4-ml-gel-pzn-14287904-2984391", "https://volksversand.de/artikel/soventol-anti-juck-stift-4-ml-gel-pzn-14287904-2984391", "https://volksversand.de/arzneimittel/ibu-lysin-ratiopharm-400-mg-50-filmtabletten-pzn-16197884-3007390", "https://volksversand.de/arzneimittel/ibu-lysin-ratiopharm-400-mg-50-filmtabletten-pzn-16197884-3007390", "https://volksversand.de/arzneimittel/thomapyrin-classic-2-x-20-tabletten-pzn-03046735-2100808", "https://volksversand.de/arzneimittel/thomapyrin-classic-2-x-20-tabletten-pzn-03046735-2100808", "https://volksversand.de/arzneimittel/bepanthen-antiseptische-wundcreme-20-g-pzn-01987824-2050185", "https://volksversand.de/arzneimittel/bepanthen-antiseptische-wundcreme-20-g-pzn-01987824-2050185", "#", "#", "#", "#", "#", "#", "#", "/import/pdf/soventol_hydrocortisonacetat_0_5_g_10173423.pdf", "#content--product-reviews", "#", "#", "#", "#", "#", "#", "#", "#", "#", "#article-review--form-container", "#", "mailto:info@volksversand.de", "/arzneimittel/angebote/", "https://volksversand.de/arzneimittel/angebote/", "https://volksversand.de/arzneimittel/neu-im-sortiment/", "/arzneimittel/", "https://volksversand.de/arzneimittel/erkaeltung-und-grippe/", "https://volksversand.de/arzneimittel/knochen-gelenke-und-muskeln/", "/arzneimittel/hausapotheke/", "https://volksversand.de/arzneimittel/hausapotheke/", "https://volksversand.de/arzneimittel/reiseapotheke/", "/arzneimittel/magen-und-darm/", "https://volksversand.de/arzneimittel/magen-und-darm/abfuehrmittel/", "https://volksversand.de/arzneimittel/magen-und-darm/durchfall/", "/arzneimittel/herz-kreislauf/", "https://volksversand.de/arzneimittel/gedaechtnis/", "https://volksversand.de/arzneimittel/gefaesse-und-venen/", "/naturheilmittel-und-homoeopathie/", "https://volksversand.de/naturheilmittel-und-homoeopathie/bachblueten/", "https://volksversand.de/naturheilmittel-und-homoeopathie/schuessler-salze/", "/beauty-und-pflege/", "https://volksversand.de/beauty-und-pflege/gesichtspflege/anti-aging/", "https://volksversand.de/beauty-und-pflege/gesichtspflege/empfindliche-haut/", "/tiergesundheit-und-tierbedarf/", "https://volksversand.de/tiergesundheit-und-tierbedarf/hunde/", "https://volksversand.de/tiergesundheit-und-tierbedarf/katzen/", "https://www.facebook.com/Volksversand-Versandapotheke-318812651653406", "https://instagram.com/volksversandversandapotheke/", "https://www.pinterest.de/volksversandversandapotheke/", "https://apps.apple.com/de/app/volksversand/id1069713065?mt=8", "https://play.google.com/store/apps/details?id=de.dupp.volkversand&hl=de", "/faq", "/gutscheine", "https://volksversand.de/versandkosten", "https://volksversand.de/liefer-und-zahlungsinformationen", "https://volksversand.de/widerrufsrecht", "javascript:openCookieConsentManager()", "https://volksversand.de/kontaktformular", "https://volksversand.de/rueckrufservice", "https://volksversand.de/kataloganforderung", "/ratgeber/", "/wechselwirkungscheck", "https://volksversand.de/bonuspunkte", "https://volksversand.de/datenschutz", "https://volksversand.de/agb", "https://volksversand.de/impressum", "/ueber-uns", "https://volksversand.de/job-angebote", "/partnerprogramm", "https://volksversand.de/datenschutz", "https://prehledy.sukl.cz/prehledy.html#/lekarny/54346000000?verify=true&referrer=https%3A%2F%2Fwww.volksversand.de%2F", "https://prehledy.sukl.cz/prehledy.html#/lekarny/54346000000?verify=true&referrer=https%3A%2F%2Fwww.volksversand.de%2F", "http://www.uskvbl.cz/en/inspections/lekarny/seznamy/detail?Id=54346000000", "https://prehledy.sukl.cz/prehledy.html#/lekarny/54346000000?verify=true&referrer=https%3A%2F%2Fwww.volksversand.de%2F", "http://www.uskvbl.cz/en/inspections/lekarny/seznamy/detail?Id=54346000000", "/bewertungen-zertifikate-und-auszeichnungen", "/bewertungen-zertifikate-und-auszeichnungen", "/bewertungen-zertifikate-und-auszeichnungen", "/bewertungen-zertifikate-und-auszeichnungen", "/bewertungen-zertifikate-und-auszeichnungen", "https://volksversand.de/datenschutz", "https://volksversand.de/agb", "https://volksversand.de/impressum", "/datenschutz", "/impressum", "#", "javascript:openCookieConsentManager()", "#", "#"]}