{"title": "Naturkosmetik Gesichts\u00f6le zur Hautpflege online kaufen", "author": null, "url": "https://www.aponeo.de/koerperpflege-kosmetik/naturkosmetik/gesichtsoele/", "hostname": "aponeo.de", "description": "Bestellen Sie sicher und schnell Naturkosmetik Gesichts\u00f6le bei Aponeo - Mehr als Apotheke, Jetzt bestellen und pflegen!", "sitename": "Aponeo \u2013 Mehr als Apotheke", "date": "2023-10-25", "id": null, "license": null, "body": null, "comments": "", "commentsbody": null, "raw_text": null, "text": "Gesichts\u00f6le zur Hautpflege\nDarreichungsform\nPackungsgr\u00f6\u00dfe\nAnbieter / Hersteller\nMarke\nPreis\nFilter zur\u00fccksetzen\n[Weleda Granatapfel straffendes Gesichts\u00f6l](https://www.aponeo.de/14244591-weleda-straffendes-gesichtsoel-granatapfel.html)\nPZN: 14244591\n\u00d6l, 30 ml, WELEDA AG\n\u00d6l, 30 ml, WELEDA AG\nPflichtangaben\nUVP121,95 \u20ac\n16,45 \u20ac\n(548,33 \u20ac/1 l)\nArtikel auf Lager\n[Age Protect \u00f6l](https://www.aponeo.de/10271651-age-protect-oel.html)\nPZN: 10271651\n\u00d6l, 30 ml, SANTAVERDE GmbH\n\u00d6l, 30 ml, SANTAVERDE GmbH\nPflichtangaben\nUVP143,90 \u20ac\n34,39 \u20ac\n(1146,33 \u20ac/1 l)\nArtikel verf\u00fcgbar\n[Extra Rich Beauty Elixier Gesichts\u00f6l](https://www.aponeo.de/06080313-extra-rich-beauty-elixier-gesichtsoel.html)\nPZN: 06080313\n\u00d6l, 30 ml, SANTAVERDE GmbH\n\u00d6l, 30 ml, SANTAVERDE GmbH\nPflichtangaben\nUVP136,90 \u20ac\n28,29 \u20ac\n(943,00 \u20ac/1 l)\nArtikel verf\u00fcgbar\n[Borretsch-\u00d6l](https://www.aponeo.de/04287381-borretschoel.html)\nPZN: 04287381\n\u00d6l, 30 ml, Bergland-Pharma GmbH & Co. KG\n\u00d6l, 30 ml, Bergland-Pharma GmbH & Co. KG\nPflichtangaben\nUVP117,75 \u20ac\n12,19 \u20ac\n(406,33 \u20ac/1 l)\nArtikel auf Lager\n[Aloe Vera Gesichts\u00f6l](https://www.aponeo.de/13903465-aloe-vera-gesichtsoel.html)\nPZN: 13903465\n\u00d6l, 20 ml, Bergland-Pharma GmbH & Co. KG\n\u00d6l, 20 ml, Bergland-Pharma GmbH & Co. KG\nPflichtangaben\nUVP115,00 \u20ac\n9,69 \u20ac\n(484,50 \u20ac/1 l)\nArtikel auf Lager\n[Himalayas Dreams Ayurveda K\u00f6rper & Gesichts\u00f6l Centella](https://www.aponeo.de/18204393-himalayas-dreams-ayurveda-koerperundges-oel-centella.html)\nPZN: 18204393\n\u00d6l, 100 ml, IMstam healthcare GmbH\n\u00d6l, 100 ml, IMstam healthcare GmbH\nPflichtangaben\nUVP114,90 \u20ac\n13,65 \u20ac\n(136,50 \u20ac/1 l)\nArtikel verf\u00fcgbar\n[Himalayas Dreams Ayurveda K\u00f6rper & Gesichts\u00f6l Sandalwood](https://www.aponeo.de/18204358-himalayas-dreams-ayurveda-koerperundges-oel-sandalw.html)\nPZN: 18204358\n\u00d6l, 100 ml, IMstam healthcare GmbH\n\u00d6l, 100 ml, IMstam healthcare GmbH\nPflichtangaben\nUVP114,90 \u20ac\n13,49 \u20ac\n(134,90 \u20ac/1 l)\nArtikel verf\u00fcgbar\n[Nuxe Bio regenerierendes n\u00e4hrendes Nacht\u00f6l](https://www.aponeo.de/16384669-nuxe-bio-regenerierendes-naehrendes-nachtoel.html)\nPZN: 16384669\n\u00d6l, 30 ml, NUXE GmbH\n\u00d6l, 30 ml, NUXE GmbH\nPflichtangaben\nUVP144,90 \u20ac\n38,16 \u20ac\n(1272,00 \u20ac/1 l)\nArtikel auf Lager\n[Himalayas Dreams Ayurveda K\u00f6rper & Gesichts\u00f6l Viola](https://www.aponeo.de/18204370-himalayas-dreams-ayurveda-koerperundgesichtsoel-viola.html)\nPZN: 18204370\n\u00d6l, 100 ml, IMstam healthcare GmbH\n\u00d6l, 100 ml, IMstam healthcare GmbH\nPflichtangaben\nUVP114,90 \u20ac\n13,49 \u20ac\n(134,90 \u20ac/1 l)\nArtikel verf\u00fcgbar\n[Himalayas Dreams Ayurveda K\u00f6rper & Gesichts\u00f6l pink Lotus](https://www.aponeo.de/18204364-himalayas-dreams-ayurveda-koerperundges-oel-pink-lot.html)\nPZN: 18204364\n\u00d6l, 100 ml, IMstam healthcare GmbH\n\u00d6l, 100 ml, IMstam healthcare GmbH\nPflichtangaben\nUVP114,90 \u20ac\n13,49 \u20ac\n(134,90 \u20ac/1 l)\nArtikel verf\u00fcgbar\n[Himalayas Dreams Ayurveda K\u00f6rper & Gesichts\u00f6l Rose](https://www.aponeo.de/18204387-himalayas-dreams-ayurveda-koerperundgesichtsoel-rose.html)\nPZN: 18204387\n\u00d6l, 100 ml, IMstam healthcare GmbH\n\u00d6l, 100 ml, IMstam healthcare GmbH\nPflichtangaben\n14,90 \u20ac\n(149,00 \u20ac/1 l)\nz.Zt. nicht verf\u00fcgbar\n[Birkenstock Regenerating Oil Face & Body](https://www.aponeo.de/16137296-birkenstock-regenerating-oil-face-und-body.html)\nPZN: 16137296\n\u00d6l, 100 ml, Hager Pharma GmbH\n\u00d6l, 100 ml, Hager Pharma GmbH\nPflichtangaben\n74,99 \u20ac\n(749,90 \u20ac/1 l)\nz.Zt. nicht verf\u00fcgbar\n[Himalayas Dreams Energyliner Balance \u00d6l](https://www.aponeo.de/18204571-himalayas-dreams-energyliner-balance-oel.html)\nPZN: 18204571\n\u00d6l, 10 ml, IMstam healthcare GmbH\n\u00d6l, 10 ml, IMstam healthcare GmbH\nPflichtangaben\n19,90 \u20ac\n(1990,00 \u20ac/1 l)\nz.Zt. nicht verf\u00fcgbar\n[Himalayas Dreams Energyliner Serenity \u00d6l](https://www.aponeo.de/18204594-himalayas-dreams-energyliner-serenity-oel.html)\nPZN: 18204594\n\u00d6l, 10 ml, IMstam healthcare GmbH\n\u00d6l, 10 ml, IMstam healthcare GmbH\nPflichtangaben\n19,90 \u20ac\n(1990,00 \u20ac/1 l)\nz.Zt. nicht verf\u00fcgbar\n[Himalayas Dreams Energyliner Happiness \u00d6l](https://www.aponeo.de/18204565-himalayas-dreams-energyliner-happiness-oel.html)\nPZN: 18204565\n\u00d6l, 10 ml, IMstam healthcare GmbH\n\u00d6l, 10 ml, IMstam healthcare GmbH\nPflichtangaben\n19,90 \u20ac\n(1990,00 \u20ac/1 l)\nz.Zt. nicht verf\u00fcgbar\n[Cattier Trocken\u00f6l](https://www.aponeo.de/11592541-cattier-trockenoel.html)\nPZN: 11592541\n\u00d6l, 100 ml, Kneipp GmbH\n\u00d6l, 100 ml, Kneipp GmbH\nPflichtangaben\n19,99 \u20ac\n(199,90 \u20ac/1 l)\nz.Zt. nicht verf\u00fcgbar\n[Balmyou reines Arabica Kaffee\u00f6l](https://www.aponeo.de/14308836-balmyou-reines-arabica-kaffeeoel.html)\nPZN: 14308836\n\u00d6l, 20 ml, balmyou GmbH & Co KG\n\u00d6l, 20 ml, balmyou GmbH & Co KG\nPflichtangaben\n24,09 \u20ac\n(1204,50 \u20ac/1 l)\nz.Zt. nicht verf\u00fcgbar\n[Himalayas Dreams Energyliner Clarity \u00d6l](https://www.aponeo.de/18204602-himalayas-dreams-energyliner-clarity-oel.html)\nPZN: 18204602\n\u00d6l, 10 ml, IMstam healthcare GmbH\n\u00d6l, 10 ml, IMstam healthcare GmbH\nPflichtangaben\n19,90 \u20ac\n(1990,00 \u20ac/1 l)\nz.Zt. nicht verf\u00fcgbar\n[Himalayas Dreams Energyliner Harmony \u00d6l](https://www.aponeo.de/18204588-himalayas-dreams-energyliner-harmony-oel.html)\nPZN: 18204588\n\u00d6l, 10 ml, IMstam healthcare GmbH\n\u00d6l, 10 ml, IMstam healthcare GmbH\nPflichtangaben\n19,90 \u20ac\n(1990,00 \u20ac/1 l)\nz.Zt. nicht verf\u00fcgbar\n[Balmyou reines Moringa\u00f6l](https://www.aponeo.de/14407774-balmyou-reines-moringaoel.html)\nPZN: 14407774\n\u00d6l, 20 ml, balmyou GmbH & Co KG\n\u00d6l, 20 ml, balmyou GmbH & Co KG\nPflichtangaben\n13,35 \u20ac\n(667,50 \u20ac/1 l)\nz.Zt. nicht verf\u00fcgbar\n[Goldgr\u00fcbchen \u00d6l](https://www.aponeo.de/17514269-goldgruebchen-oel.html)\nPZN: 17514269\n\u00d6l, 50 ml, 4peoplewhocare GmbH\n\u00d6l, 50 ml, 4peoplewhocare GmbH\nPflichtangaben\n12,45 \u20ac\n(249,00 \u20ac/1 l)\nz.Zt. nicht verf\u00fcgbar", "language": null, "image": "https://cdn-img.aponeo.de/layout/aponeo_logo_1500x1500.jpg", "pagetype": "website", "links": ["#", "#", "/topseller.html", "/neuheiten.html", "#", "#", "/arzneimittel/", "/arzneimittel/antiallergikum/", "/arzneimittel/haut/", "/arzneimittel/herz-kreislauf-venen/", "/arzneimittel/augentropfen/", "/arzneimittel/erkaeltung/", "/arzneimittel/haare-naegel/", "/arzneimittel/hyaluronspritzen/", "/arzneimittel/insektenschutz/", "/arzneimittel/kinder-saeuglinge/", "/arzneimittel/leber-galle/", "/arzneimittel/lokalanaesthetika/", "/arzneimittel/magen-darm/", "/arzneimittel/medizinische-ratgeber/", "/arzneimittel/mundhygiene/", "/arzneimittel/nasenspray/", "/arzneimittel/schlaf-nerven/", "/arzneimittel/niere-blase-prostata/", "/arzneimittel/ohrentropfen/", "/arzneimittel/pms-behandeln/", "/arzneimittel/raucherentwoehnung/", "/arzneimittel/reiseapotheke/", "/arzneimittel/reisetabletten/", "/arzneimittel/rheuma-muskeln/", "/arzneimittel/schlaftabletten/", "/arzneimittel/schmerztabletten/", "/arzneimittel/wechseljahre/", "#", "#", "/bio-genuss/", "/bio-genuss/ayurveda-produkte/", "/bio-genuss/bio-produkte/", "/bio-genuss/genuessliches/", "/bio-genuss/honig/", "/bio-genuss/saefte/", "/bio-genuss/suesses/", "/bio-genuss/tee/", "/bio-genuss/zuckerersatz/", "#", "#", "/diabetes/", "/diabetes/blutzuckermessgeraet/", "/diabetes/ernaehrung/", "/diabetes/hautpflege/", "/diabetes/insulinpens/", "/diabetes/kontrollloesungen/", "/diabetes/lanzetten-stechhilfen/", "/diabetes/medikamente/", "/diabetes/teststreifen/", "/diabetes/urinteststreifen/", "/diabetes/zubehoer/", "#", "#", "/koerperpflege-kosmetik/", "/koerperpflege-kosmetik/fuer-kinder/", "/koerperpflege-kosmetik/fuesse/", "/koerperpflege-kosmetik/gesicht/", "/koerperpflege-kosmetik/haare/", "/koerperpflege-kosmetik/haende/", "/koerperpflege-kosmetik/kontaktlinsen-pflege/", "/koerperpflege-kosmetik/koerper/", "/koerperpflege-kosmetik/make-up/", "/koerperpflege-kosmetik/maenner/", "/koerperpflege-kosmetik/naturkosmetik/", "/koerperpflege-kosmetik/sauna-massage/", "/koerperpflege-kosmetik/sonnencreme/", "/koerperpflege-kosmetik/tattoo-pflege/", "/koerperpflege-kosmetik/zahn-mundpflege/", "/koerperpflege-kosmetik/zeckenpinzetten/", "#", "#", "/liebe-erotik/", "/liebe-erotik/gleitmittel/", "/liebe-erotik/kondome/", "/liebe-erotik/natuerliche-verhuetung/", "/liebe-erotik/potenzstoerungen/", "/liebe-erotik/vaginalkugeln/", "/liebe-erotik/vibratoren-toys/", "#", "#", "/mutter-kind/", "/mutter-kind/babynahrung/", "/mutter-kind/babypflege/", "/mutter-kind/kirschkernkissen-baby/", "/mutter-kind/schnuller-flaschen/", "/mutter-kind/schwangerschaft/", "/mutter-kind/stillzubehoer/", "/mutter-kind/waermetiere/", "/mutter-kind/windeln-zubehoer/", "#", "#", "/nahrungsergaenzung/", "/nahrungsergaenzung/antioxidantien/", "/nahrungsergaenzung/apfelessig/", "/nahrungsergaenzung/augen/", "/nahrungsergaenzung/chitosan/", "/nahrungsergaenzung/chlorella-spirulina-und-algen/", "/nahrungsergaenzung/colostrum/", "/nahrungsergaenzung/diabetiker/", "/nahrungsergaenzung/frauen/", "/nahrungsergaenzung/hals-und-rachen/", "/nahrungsergaenzung/haut-haare-naegel/", "/nahrungsergaenzung/herz-kreislauf/", "/nahrungsergaenzung/hirnleistung-und-nerven/", "/nahrungsergaenzung/immunsystem/", "/nahrungsergaenzung/kinder/", "/nahrungsergaenzung/knochen-und-gelenke/", "/nahrungsergaenzung/kurkuma-kapseln/", "/nahrungsergaenzung/leber/", "/nahrungsergaenzung/magen-und-darm/", "/nahrungsergaenzung/maenner/", "/nahrungsergaenzung/melatonin/", "/nahrungsergaenzung/moringa/", "/nahrungsergaenzung/naehrstoffe/", "/nahrungsergaenzung/saeure-basenhaushalt/", "/nahrungsergaenzung/schwarzkuemmeloel/", "/nahrungsergaenzung/spermidin/", "/nahrungsergaenzung/sportler/", "/nahrungsergaenzung/vitalitaet/", "#", "#", "/natur-homoeopathie/", "/natur-homoeopathie/anthroposophie/", "/natur-homoeopathie/aromatherapie/", "/natur-homoeopathie/bachblueten/", "/natur-homoeopathie/baldrian/", "/natur-homoeopathie/detox/", "/natur-homoeopathie/eichenrinde/", "/natur-homoeopathie/einzelmittel/", "/natur-homoeopathie/essigsaure-tonerde/", "/natur-homoeopathie/flohsamenschalen/", "/natur-homoeopathie/gemmo-therapie/", "/natur-homoeopathie/globuli-a-z/", "/natur-homoeopathie/goji-beeren/", "/natur-homoeopathie/grapefruitkernextrakt/", "/natur-homoeopathie/gruenteeextrakt/", "/natur-homoeopathie/hagebuttenpulver/", "/natur-homoeopathie/heilerde/", "/natur-homoeopathie/homoeopathische-hausapotheken/", "/natur-homoeopathie/komplexmittel/", "/natur-homoeopathie/lm-q-potenzen/", "/natur-homoeopathie/mistelpraeparate/", "/natur-homoeopathie/schuessler-salze/", "/natur-homoeopathie/schwedenbitter/", "/natur-homoeopathie/spenglersan/", "/natur-homoeopathie/taschenapotheken-und-sets/", "/natur-homoeopathie/urtinkturen-spagyrik/", "/natur-homoeopathie/vitalpilze/", "/natur-homoeopathie/weihrauch/", "#", "#", "/sanitaetshaus/", "/sanitaetshaus/corona-schnelltest/", "/sanitaetshaus/desinfektionsmittel/", "/sanitaetshaus/erste-hilfe/", "/sanitaetshaus/frauenhygiene/", "/sanitaetshaus/handschuhe/", "/sanitaetshaus/inkontinenz/", "/sanitaetshaus/kaelte-waermetherapie/", "/sanitaetshaus/kochsalzloesung/", "/sanitaetshaus/medizinische-geraete/", "/sanitaetshaus/medizinische-tests/", "/sanitaetshaus/medizinischer-sauerstoff/", "/sanitaetshaus/mundschutz/", "/sanitaetshaus/ohrstoepsel/", "/sanitaetshaus/pflaster/", "/sanitaetshaus/pflege-zuhaus/", "/sanitaetshaus/spritzen-kanuelen/", "/sanitaetshaus/stoffmasken/", "/sanitaetshaus/struempfe/", "/sanitaetshaus/verbandsmaterial/", "/sanitaetshaus/zehenschutz/", "#", "#", "/sport-fitness/", "/sport-fitness/abnehmmittel/", "/sport-fitness/bandagen-schienen/", "/sport-fitness/fitnessgeraete/", "/sport-fitness/aufbaupraeparate/", "/sport-fitness/pflege-massage/", "/sport-fitness/powerdrinks-riegel/", "#", "#", "/tierbedarf/", "/tierbedarf/hund/", "/tierbedarf/katze/", "/tierbedarf/nager/", "/tierbedarf/homoeopathie-tiere/", "/tierbedarf/pferde/", "/tierbedarf/produkte-fuer-bienenvoelker/", "/tierbedarf/produkte-fuer-brieftauben/", "/tierbedarf/rinder/", "#", "#", "/vitamine-mineralstoffe/", "/vitamine-mineralstoffe/calcium/", "/vitamine-mineralstoffe/chrom-tabletten/", "/vitamine-mineralstoffe/eisen/", "/vitamine-mineralstoffe/jodtabletten/", "/vitamine-mineralstoffe/kalium/", "/vitamine-mineralstoffe/kieselerde/", "/vitamine-mineralstoffe/kupfer/", "/vitamine-mineralstoffe/magnesium/", "/vitamine-mineralstoffe/multivitamine/", "/vitamine-mineralstoffe/selen/", "/vitamine-mineralstoffe/vitamin-a/", "/vitamine-mineralstoffe/vitamin-b/", "/vitamine-mineralstoffe/thiamin/", "/vitamine-mineralstoffe/vitamin-b12/", "/vitamine-mineralstoffe/riboflavin/", "/vitamine-mineralstoffe/niacin/", "/vitamine-mineralstoffe/pantothensaeure/", "/vitamine-mineralstoffe/vitamin-b6/", "/vitamine-mineralstoffe/biotin/", "/vitamine-mineralstoffe/folsaeure/", "/vitamine-mineralstoffe/vitamin-c/", "/vitamine-mineralstoffe/vitamin-d/", "/vitamine-mineralstoffe/vitamin-e/", "/vitamine-mineralstoffe/vitamin-k/", "/vitamine-mineralstoffe/zink/", "#", "#", "/markenshops/", "/markenshops/atida/", "/markenshops/1a-pharma/", "/markenshops/avene/", "/markenshops/caudalie/", "/markenshops/crataegutt/", "/markenshops/dhu-schuessler-salze/", "/markenshops/doppelherz/", "/markenshops/eucerin/", "/markenshops/la-roche-posay/", "/markenshops/physiogel/", "/markenshops/prostagutt/", "/markenshops/tebonin/", "/markenshops/umckaloabo/", "/markenshops/vichy/", "/tierbedarf/", "#", "#", null, null, null, null, null, null, null, null, "/kundenbereich/bonusprogramm/", "#", "#", "/services/wechselwirkungscheck.html", "/services/diabetes-test.html", "/services/bmi-rechner.html", "/hilfe/", "/informationen/service-und-hilfe/", "/ratgeber/", "#", "#", "/rezept-einloesen/", "/rezept-einloesen/", null, "/hilfe/rezepte/wie-bestelle-ich-rezeptpflichtige-medikamente/", "/hilfe/rezepte/worauf-muss-ich-bei-rezepten-achten/", "/angebote.html", "/kundenbereich/", "/kundenbereich/merkzettel/", "/informationen/service-und-hilfe/", "#", "tel:+49 30 622 000 10", "/informationen/service-und-hilfe/kontaktformular/", "https://www.aponeo.de/", "#", "/informationen/service-und-hilfe/", "/hilfe/", "/kundenbereich/", "/passwort-vergessen/", "/kundenbereich/", "/registrieren/", "/kundenbereich/merkzettel/", "/warenkorb/", "/produkte/", "/topseller.html", "/neuheiten.html", "/arzneimittel/", "/bio-genuss/", "/diabetes/", "/koerperpflege-kosmetik/", "/liebe-erotik/", "/mutter-kind/", "/nahrungsergaenzung/", "/natur-homoeopathie/", "/sanitaetshaus/", "/sport-fitness/", "/tierbedarf/", "/vitamine-mineralstoffe/", "/markenshops/", null, "/arzneimittel/antiallergikum/", "/arzneimittel/haut/", "/arzneimittel/herz-kreislauf-venen/", "/arzneimittel/augentropfen/", "/arzneimittel/erkaeltung/", "/arzneimittel/haare-naegel/", "/arzneimittel/hyaluronspritzen/", "/arzneimittel/insektenschutz/", "/arzneimittel/kinder-saeuglinge/", "/arzneimittel/leber-galle/", "/arzneimittel/lokalanaesthetika/", "/arzneimittel/magen-darm/", "/arzneimittel/medizinische-ratgeber/", "/arzneimittel/mundhygiene/", "/arzneimittel/nasenspray/", "/arzneimittel/schlaf-nerven/", "/arzneimittel/niere-blase-prostata/", "/arzneimittel/ohrentropfen/", "/arzneimittel/pms-behandeln/", "/arzneimittel/raucherentwoehnung/", "/arzneimittel/reiseapotheke/", "/arzneimittel/reisetabletten/", "/arzneimittel/rheuma-muskeln/", "/arzneimittel/schlaftabletten/", "/arzneimittel/schmerztabletten/", "/arzneimittel/wechseljahre/", "https://www.aponeo.de/06680881-ginkobil-ratiopharm-120-mg-filmtabletten.html", "/ratgeber/das-immunsystem.html", "/ratgeber/erkaeltung-kindererkrankungen.html", "/ratgeber/husten.html", "/ratgeber/kosmetik-und-wellness.html", "/ratgeber/rueckenschmerzen.html", null, "/bio-genuss/ayurveda-produkte/", "/bio-genuss/bio-produkte/", "/bio-genuss/genuessliches/", "/bio-genuss/honig/", "/bio-genuss/saefte/", "/bio-genuss/suesses/", "/bio-genuss/tee/", "/bio-genuss/zuckerersatz/", "https://www.aponeo.de/suche/?s=17924783_17924760_17924748_17924754_17924777", "/ratgeber/gluten.html", "/ratgeber/kleine-teekunde.html", "/ratgeber/ausgewogene-ernaehrung-als-basis.html", null, "/diabetes/blutzuckermessgeraet/", "/diabetes/ernaehrung/", "/diabetes/hautpflege/", "/diabetes/insulinpens/", "/diabetes/kontrollloesungen/", "/diabetes/lanzetten-stechhilfen/", "/diabetes/medikamente/", "/diabetes/teststreifen/", "/diabetes/urinteststreifen/", "/diabetes/zubehoer/", "/ratgeber/30-minuten-spazieren-taeglich-schuetzen.html", "/ratgeber/diabetes-mellitus-typ-1-bei-kindern.html", "/ratgeber/ueberzuckerung-und-unterzuckerung-erste-hilfe.html", "/ratgeber/schwangerschaft-und-diabetes.html", null, "/koerperpflege-kosmetik/fuer-kinder/", "/koerperpflege-kosmetik/fuesse/", "/koerperpflege-kosmetik/gesicht/", "/koerperpflege-kosmetik/haare/", "/koerperpflege-kosmetik/haende/", "/koerperpflege-kosmetik/kontaktlinsen-pflege/", "/koerperpflege-kosmetik/koerper/", "/koerperpflege-kosmetik/make-up/", "/koerperpflege-kosmetik/maenner/", "/koerperpflege-kosmetik/naturkosmetik/", "/koerperpflege-kosmetik/sauna-massage/", "/koerperpflege-kosmetik/sonnencreme/", "/koerperpflege-kosmetik/tattoo-pflege/", "/koerperpflege-kosmetik/zahn-mundpflege/", "/koerperpflege-kosmetik/zeckenpinzetten/", "https://www.aponeo.de/ideen/sonnenschutz/", "/ratgeber/mundhygiene.html", "/ratgeber/jojoba-der-beauty-profi.html", "/ratgeber/kosmetik-und-wellness.html", null, "/liebe-erotik/gleitmittel/", "/liebe-erotik/kondome/", "/liebe-erotik/natuerliche-verhuetung/", "/liebe-erotik/potenzstoerungen/", "/liebe-erotik/vaginalkugeln/", "/liebe-erotik/vibratoren-toys/", "/ratgeber/erektile-dysfunktion.html", "/ratgeber/impotenz.html", "/ratgeber/schlafstoerungen-erkennen-richtig-behandeln.html", null, "/mutter-kind/babynahrung/", "/mutter-kind/babypflege/", "/mutter-kind/kirschkernkissen-baby/", "/mutter-kind/schnuller-flaschen/", "/mutter-kind/schwangerschaft/", "/mutter-kind/stillzubehoer/", "/mutter-kind/waermetiere/", "/mutter-kind/windeln-zubehoer/", "/ratgeber/erkaeltung-kindererkrankungen.html", "/ratgeber/kinder-ernaehrung.html", "/ratgeber/fluessigkeitshaushalt-kinder.html", "/ratgeber/masern-kindererkrankungen.html", null, "/nahrungsergaenzung/antioxidantien/", "/nahrungsergaenzung/apfelessig/", "/nahrungsergaenzung/augen/", "/nahrungsergaenzung/chitosan/", "/nahrungsergaenzung/chlorella-spirulina-und-algen/", "/nahrungsergaenzung/colostrum/", "/nahrungsergaenzung/diabetiker/", "/nahrungsergaenzung/frauen/", "/nahrungsergaenzung/hals-und-rachen/", "/nahrungsergaenzung/haut-haare-naegel/", "/nahrungsergaenzung/herz-kreislauf/", "/nahrungsergaenzung/hirnleistung-und-nerven/", "/nahrungsergaenzung/immunsystem/", "/nahrungsergaenzung/kinder/", "/nahrungsergaenzung/knochen-und-gelenke/", "/nahrungsergaenzung/kurkuma-kapseln/", "/nahrungsergaenzung/leber/", "/nahrungsergaenzung/magen-und-darm/", "/nahrungsergaenzung/maenner/", "/nahrungsergaenzung/melatonin/", "/nahrungsergaenzung/moringa/", "/nahrungsergaenzung/naehrstoffe/", "/nahrungsergaenzung/saeure-basenhaushalt/", "/nahrungsergaenzung/schwarzkuemmeloel/", "/nahrungsergaenzung/spermidin/", "/nahrungsergaenzung/sportler/", "/nahrungsergaenzung/vitalitaet/", "/ratgeber/eisenmangel.html", "/ratgeber/laktoseintoleranz.html", "/ratgeber/zink.html", "/ratgeber/zoeliakie.html", null, "/natur-homoeopathie/anthroposophie/", "/natur-homoeopathie/aromatherapie/", "/natur-homoeopathie/bachblueten/", "/natur-homoeopathie/baldrian/", "/natur-homoeopathie/detox/", "/natur-homoeopathie/eichenrinde/", "/natur-homoeopathie/einzelmittel/", "/natur-homoeopathie/essigsaure-tonerde/", "/natur-homoeopathie/flohsamenschalen/", "/natur-homoeopathie/gemmo-therapie/", "/natur-homoeopathie/globuli-a-z/", "/natur-homoeopathie/goji-beeren/", "/natur-homoeopathie/grapefruitkernextrakt/", "/natur-homoeopathie/gruenteeextrakt/", "/natur-homoeopathie/hagebuttenpulver/", "/natur-homoeopathie/heilerde/", "/natur-homoeopathie/homoeopathische-hausapotheken/", "/natur-homoeopathie/komplexmittel/", "/natur-homoeopathie/lm-q-potenzen/", "/natur-homoeopathie/mistelpraeparate/", "/natur-homoeopathie/schuessler-salze/", "/natur-homoeopathie/schwedenbitter/", "/natur-homoeopathie/spenglersan/", "/natur-homoeopathie/taschenapotheken-und-sets/", "/natur-homoeopathie/urtinkturen-spagyrik/", "/natur-homoeopathie/vitalpilze/", "/natur-homoeopathie/weihrauch/", "/ratgeber/husten.html", "/ratgeber/homoeopathische-sommer-und-reiseapotheke.html", "/ratgeber/aconitum.html", null, "/sanitaetshaus/corona-schnelltest/", "/sanitaetshaus/desinfektionsmittel/", "/sanitaetshaus/erste-hilfe/", "/sanitaetshaus/frauenhygiene/", "/sanitaetshaus/handschuhe/", "/sanitaetshaus/inkontinenz/", "/sanitaetshaus/kaelte-waermetherapie/", "/sanitaetshaus/kochsalzloesung/", "/sanitaetshaus/medizinische-geraete/", "/sanitaetshaus/medizinische-tests/", "/sanitaetshaus/medizinischer-sauerstoff/", "/sanitaetshaus/mundschutz/", "/sanitaetshaus/ohrstoepsel/", "/sanitaetshaus/pflaster/", "/sanitaetshaus/pflege-zuhaus/", "/sanitaetshaus/spritzen-kanuelen/", "/sanitaetshaus/stoffmasken/", "/sanitaetshaus/struempfe/", "/sanitaetshaus/verbandsmaterial/", "/sanitaetshaus/zehenschutz/", "/ratgeber/wundversorgung-erste-hilfe.html", "/ratgeber/hausapotheke.html", "/ratgeber/wiederbelebungsmassnahmen-erste-hilfe-am-unfa.html", null, "/sport-fitness/abnehmmittel/", "/sport-fitness/bandagen-schienen/", "/sport-fitness/fitnessgeraete/", "/sport-fitness/aufbaupraeparate/", "/sport-fitness/pflege-massage/", "/sport-fitness/powerdrinks-riegel/", "/ratgeber/vom-ersten-schritt-zum-marathon.html", null, "/tierbedarf/hund/", "/tierbedarf/katze/", "/tierbedarf/nager/", "/tierbedarf/homoeopathie-tiere/", "/tierbedarf/pferde/", "/tierbedarf/produkte-fuer-bienenvoelker/", "/tierbedarf/produkte-fuer-brieftauben/", "/tierbedarf/rinder/", null, "/vitamine-mineralstoffe/calcium/", "/vitamine-mineralstoffe/chrom-tabletten/", "/vitamine-mineralstoffe/eisen/", "/vitamine-mineralstoffe/jodtabletten/", "/vitamine-mineralstoffe/kalium/", "/vitamine-mineralstoffe/kieselerde/", "/vitamine-mineralstoffe/kupfer/", "/vitamine-mineralstoffe/magnesium/", "/vitamine-mineralstoffe/multivitamine/", "/vitamine-mineralstoffe/selen/", "/vitamine-mineralstoffe/vitamin-a/", "/vitamine-mineralstoffe/vitamin-b/", "/vitamine-mineralstoffe/thiamin/", "/vitamine-mineralstoffe/vitamin-b12/", "/vitamine-mineralstoffe/riboflavin/", "/vitamine-mineralstoffe/niacin/", "/vitamine-mineralstoffe/pantothensaeure/", "/vitamine-mineralstoffe/vitamin-b6/", "/vitamine-mineralstoffe/biotin/", "/vitamine-mineralstoffe/folsaeure/", "/vitamine-mineralstoffe/vitamin-c/", "/vitamine-mineralstoffe/vitamin-d/", "/vitamine-mineralstoffe/vitamin-e/", "/vitamine-mineralstoffe/vitamin-k/", "/vitamine-mineralstoffe/zink/", "https://www.aponeo.de/vitamine-mineralstoffe/vitamin-c/", "/ratgeber/eisenmangel.html", "/ratgeber/zink.html", "/ratgeber/wadenkraempfe.html", "/markenshops/", "/markenshops/atida/", "/markenshops/1a-pharma/", "/markenshops/avene/", "/markenshops/caudalie/", "/markenshops/crataegutt/", "/markenshops/dhu-schuessler-salze/", "/markenshops/doppelherz/", "/markenshops/eucerin/", "/markenshops/la-roche-posay/", "/markenshops/physiogel/", "/markenshops/prostagutt/", "/markenshops/tebonin/", "/markenshops/umckaloabo/", "/markenshops/vichy/", "/markenshops/atida/atida-kosmetik/", "/markenshops/atida/medizinprodukte/", "/markenshops/atida/atida-zahnpflege/", "/markenshops/1a-pharma/1a-reiseapotheke/", "/markenshops/1a-pharma/allergieundheuschnupfen/", "/markenshops/1a-pharma/hautpilzundlippenherpes/", "/markenshops/1a-pharma/hustenunderkaeltung/", "/markenshops/1a-pharma/magenunddarm/", "/markenshops/1a-pharma/mentale-gesundheit/", "/markenshops/1a-pharma/schmerz/", "/markenshops/1a-pharma/thromboseschutz/", "/markenshops/avene/anti-aging/", "/markenshops/avene/dermatologisches-make-up/", "/markenshops/avene/neurodermitis/", "/markenshops/avene/pflege-fuer-ueberempfindliche-haut/", "/markenshops/avene/roetungen/", "/markenshops/avene/sonnenschutz/", "/markenshops/avene/trockene-haut/", "/markenshops/avene/unreine-haut/", "/markenshops/avene/wundpflege/", "/markenshops/caudalie/vinoperfect/", "/markenshops/caudalie/koerperpflege/", "/markenshops/avene/pflege-fuer-ueberempfindliche-haut/", "https://www.aponeo.de/markenshops/crataegutt/", "https://www.aponeo.de/14064535-crataegutt-450-mg-herz-kreislauf-tabletten.html", "https://www.aponeo.de/11885622-crataegutt-herz-kreislauf-tropfen.html", "/markenshops/dhu-schuessler-salze/globuli/", "/markenshops/dhu-schuessler-salze/salben/", "/markenshops/dhu-schuessler-salze/sets-und-kuren/", "/markenshops/dhu-schuessler-salze/tabletten/", "https://www.aponeo.de/markenshops/doppelherz/", "https://www.aponeo.de/17268563-minoxidil-doppelherzphar-50mg-ml-lsg-anw-haut-mann.html", "https://www.aponeo.de/17268557-minoxidil-doppelherzphar-20mg-ml-lsg-anw-haut-frau.html", "/markenshops/eucerin/allergie/", "/markenshops/eucerin/anti-age/", "/markenshops/eucerin/empfindliche-haut/", "/markenshops/eucerin/feuchtigkeitspflege/", "/markenshops/eucerin/gesichtsreinigung/", "/markenshops/eucerin/kopfhaut-und-haar/", "/markenshops/eucerin/neurodermitis/", "/markenshops/eucerin/pigmentflecken/", "/markenshops/eucerin/sonnenschutz/", "/markenshops/eucerin/trockene-haut/", "/markenshops/eucerin/unreine-haut/", "https://www.aponeo.de/markenshops/physiogel/", "https://www.aponeo.de/04357472-physiogel-calming-relief-a-i-creme.html", "https://www.aponeo.de/04362705-physiogel-scalp-care-mildes-shampoo.html", "https://www.aponeo.de/markenshops/prostagutt/", "https://www.aponeo.de/16151764-prostagutt-duo-160-mg-120-mg-weichkapseln.html", "https://www.aponeo.de/16151770-prostagutt-duo-160-mg-120-mg-weichkapseln.html", "https://www.aponeo.de/markenshops/tebonin/", "https://www.aponeo.de/07752045-tebonin-konzent-240-mg-filmtabletten.html", "https://www.aponeo.de/03379106-tebonin-intens-120-mg-filmtabletten.html", "https://www.aponeo.de/markenshops/umckaloabo/", "https://www.aponeo.de/01062049-umckaloabo-fluessig.html", "https://www.aponeo.de/00148843-umckaloabo-20-mg-filmtabletten.html", "/markenshops/vichy/anti-age-fuer-reife-haut/", "/markenshops/vichy/anti-age-und-straffheit/", "/markenshops/vichy/deodorant/", "/markenshops/vichy/mineral-89/", null, null, null, null, null, null, null, null, null, null, "https://www.aponeo.de/14352754-keltican-forte-kapseln.html", "https://www.aponeo.de/14352754-keltican-forte-kapseln.html", "https://www.aponeo.de/14352754-keltican-forte-kapseln.html", "https://www.aponeo.de/14352754-keltican-forte-kapseln.html", "https://www.aponeo.de/14352754-keltican-forte-kapseln.html", "https://www.aponeo.de/14352754-keltican-forte-kapseln.html", "https://www.aponeo.de/14352754-keltican-forte-kapseln.html", "https://www.aponeo.de/14352754-keltican-forte-kapseln.html", "/kundenbereich/bonusprogramm/", "/services/", "/services/wechselwirkungscheck.html", "/services/diabetes-test.html", "/services/bmi-rechner.html", "/hilfe/", "/informationen/service-und-hilfe/", "/ratgeber/", "/ratgeber/", "/ratgeber/heuschnupfen-wenn-pollen-im-anflug-sind.html", "/ratgeber/sonnenallergie.html", "/ratgeber/grippaler-infekt.html", "/ratgeber/rueckenschmerzen.html", "/ratgeber/nackenschmerzen.html", "/ratgeber/kopfschmerzen.html", "/ratgeber/blasenentzuendung.html", "/ratgeber/fusspilz.html", "/ratgeber/wadenkraempfe.html", "/ratgeber/sodbrennen.html", "https://www.aponeo.de/ratgeber/heuschnupfen-wenn-pollen-im-anflug-sind.html#l", "https://www.aponeo.de/ratgeber/heuschnupfen-wenn-pollen-im-anflug-sind.html#2", "https://www.aponeo.de/ratgeber/heuschnupfen-wenn-pollen-im-anflug-sind.html#3", "https://www.aponeo.de/ratgeber/heuschnupfen-wenn-pollen-im-anflug-sind.html#4", "https://www.aponeo.de/ratgeber/sonnenallergie.html#l", "https://www.aponeo.de/ratgeber/sonnenallergie.html#2", "https://www.aponeo.de/ratgeber/sonnenallergie.html#3", "https://www.aponeo.de/ratgeber/sonnenallergie.html#4", "https://www.aponeo.de/ratgeber/sonnenallergie.html#5", "https://www.aponeo.de/ratgeber/grippaler-infekt.html#allgemein", "https://www.aponeo.de/ratgeber/grippaler-infekt.html#dauer", "https://www.aponeo.de/ratgeber/grippaler-infekt.html#symptome", "https://www.aponeo.de/ratgeber/grippaler-infekt.html#inkubationszeit", "https://www.aponeo.de/ratgeber/rueckenschmerzen.html#anatomie", "https://www.aponeo.de/ratgeber/rueckenschmerzen.html#unten", "https://www.aponeo.de/ratgeber/rueckenschmerzen.html#mitte", "https://www.aponeo.de/ratgeber/rueckenschmerzen.html#oben", "https://www.aponeo.de/ratgeber/rueckenschmerzen.html#wastun", "https://www.aponeo.de/ratgeber/rueckenschmerzen.html#stark", "https://www.aponeo.de/ratgeber/rueckenschmerzen.html#liste", "https://www.aponeo.de/ratgeber/rueckenschmerzen.html#fazit", "https://www.aponeo.de/ratgeber/nackenschmerzen.html#entstehen", "https://www.aponeo.de/ratgeber/nackenschmerzen.html#uebungen", "https://www.aponeo.de/ratgeber/nackenschmerzen.html#vermeiden", "https://www.aponeo.de/ratgeber/nackenschmerzen.html#therapien", "https://www.aponeo.de/ratgeber/nackenschmerzen.html#zusammenhang", "https://www.aponeo.de/ratgeber/nackenschmerzen.html#wastun", "https://www.aponeo.de/ratgeber/nackenschmerzen.html#achtung", "https://www.aponeo.de/ratgeber/nackenschmerzen.html#fazit", "https://www.aponeo.de/ratgeber/kopfschmerzen.html#l", "https://www.aponeo.de/ratgeber/kopfschmerzen.html#2", "https://www.aponeo.de/ratgeber/kopfschmerzen.html#3", "https://www.aponeo.de/ratgeber/blasenentzuendung.html#symptome", "https://www.aponeo.de/ratgeber/blasenentzuendung.html#hausmittel", "https://www.aponeo.de/ratgeber/blasenentzuendung.html#anti", "https://www.aponeo.de/ratgeber/blasenentzuendung.html#mann", "https://www.aponeo.de/ratgeber/blasenentzuendung.html#wastun", "https://www.aponeo.de/ratgeber/blasenentzuendung.html#vorbeugen", "https://www.aponeo.de/ratgeber/fusspilz.html#hausmittel", "https://www.aponeo.de/ratgeber/fusspilz.html#behandeln", "https://www.aponeo.de/ratgeber/fusspilz.html#bilder", "https://www.aponeo.de/ratgeber/fusspilz.html#wastun", "https://www.aponeo.de/ratgeber/fusspilz.html#symptome", "https://www.aponeo.de/ratgeber/fusspilz.html#fazit", "https://www.aponeo.de/ratgeber/wadenkraempfe.html#wadenkraempfe", "https://www.aponeo.de/ratgeber/wadenkraempfe.html#nachts", "https://www.aponeo.de/ratgeber/wadenkraempfe.html#ursachen", "https://www.aponeo.de/ratgeber/wadenkraempfe.html#schwangerschaft", "https://www.aponeo.de/ratgeber/wadenkraempfe.html#magnesium", "https://www.aponeo.de/ratgeber/wadenkraempfe.html#schmerzen", "https://www.aponeo.de/ratgeber/sodbrennen.html#washilft", "https://www.aponeo.de/ratgeber/sodbrennen.html#1.2", "https://www.aponeo.de/ratgeber/sodbrennen.html#symptome", "https://www.aponeo.de/ratgeber/sodbrennen.html#ursachen", "https://www.aponeo.de/ratgeber/sodbrennen.html#3.1", "https://www.aponeo.de/ratgeber/sodbrennen.html#fazit", "/rezept-einloesen/", "/rezept-einloesen/", null, "/hilfe/rezepte/wie-bestelle-ich-rezeptpflichtige-medikamente/", "/hilfe/rezepte/worauf-muss-ich-bei-rezepten-achten/", "/rezept-einloesen/", "/rezept-einloesen/", "/rezept-einloesen/", "/rezept-einloesen/", "/angebote.html", "#", "intent://#Intent;scheme=aponeo;package=com.aponeo.app;S.browser_fallback_url=https%3A%2F%2Fplay.google.com%2Fstore%2Fapps%2Fdetails%3Fid%3Dcom.aponeo.app;end", "/warenkorb/", "/produkte/", "/koerperpflege-kosmetik/", "/koerperpflege-kosmetik/naturkosmetik/", "https://www.aponeo.de/koerperpflege-kosmetik/naturkosmetik/augenpflege/", "https://www.aponeo.de/koerperpflege-kosmetik/naturkosmetik/baeder-und-sauna/", "https://www.aponeo.de/koerperpflege-kosmetik/naturkosmetik/deodorants/", "https://www.aponeo.de/koerperpflege-kosmetik/naturkosmetik/duefte/", "https://www.aponeo.de/koerperpflege-kosmetik/naturkosmetik/duschgele/", "https://www.aponeo.de/koerperpflege-kosmetik/naturkosmetik/fuer-kinder/", "https://www.aponeo.de/koerperpflege-kosmetik/naturkosmetik/gepflegte-fuesse/", "https://www.aponeo.de/koerperpflege-kosmetik/naturkosmetik/gesichtsmasken/", "https://www.aponeo.de/koerperpflege-kosmetik/naturkosmetik/gesichtsoele/", "https://www.aponeo.de/koerperpflege-kosmetik/naturkosmetik/gesichtspflege/", "https://www.aponeo.de/koerperpflege-kosmetik/naturkosmetik/gesichtsreinigung/", "https://www.aponeo.de/koerperpflege-kosmetik/naturkosmetik/haarpflege/", "https://www.aponeo.de/koerperpflege-kosmetik/naturkosmetik/handpflege/", "https://www.aponeo.de/koerperpflege-kosmetik/naturkosmetik/koerpercremes-und-lotions/", "https://www.aponeo.de/koerperpflege-kosmetik/naturkosmetik/koerperoele/", "https://www.aponeo.de/koerperpflege-kosmetik/naturkosmetik/lippenpflege/", "https://www.aponeo.de/koerperpflege-kosmetik/naturkosmetik/make-up/", "https://www.aponeo.de/koerperpflege-kosmetik/naturkosmetik/mund-und-zahnpflege/", "https://www.aponeo.de/koerperpflege-kosmetik/naturkosmetik/nachtpflege/", "https://www.aponeo.de/koerperpflege-kosmetik/naturkosmetik/rasur/", "https://www.aponeo.de/koerperpflege-kosmetik/naturkosmetik/seren-und-fluide/", "https://www.aponeo.de/koerperpflege-kosmetik/naturkosmetik/spezielle-anwendungen/", "https://www.aponeo.de/", "/produkte/", "/koerperpflege-kosmetik/", "/koerperpflege-kosmetik/naturkosmetik/", "#", "https://www.aponeo.de/koerperpflege-kosmetik/naturkosmetik/augenpflege/", "https://www.aponeo.de/koerperpflege-kosmetik/naturkosmetik/baeder-und-sauna/", "https://www.aponeo.de/koerperpflege-kosmetik/naturkosmetik/deodorants/", "https://www.aponeo.de/koerperpflege-kosmetik/naturkosmetik/duefte/", "https://www.aponeo.de/koerperpflege-kosmetik/naturkosmetik/duschgele/", "https://www.aponeo.de/koerperpflege-kosmetik/naturkosmetik/fuer-kinder/", "https://www.aponeo.de/koerperpflege-kosmetik/naturkosmetik/gepflegte-fuesse/", "https://www.aponeo.de/koerperpflege-kosmetik/naturkosmetik/gesichtsmasken/", "https://www.aponeo.de/koerperpflege-kosmetik/naturkosmetik/gesichtsoele/", "https://www.aponeo.de/koerperpflege-kosmetik/naturkosmetik/gesichtspflege/", "https://www.aponeo.de/koerperpflege-kosmetik/naturkosmetik/gesichtsreinigung/", "https://www.aponeo.de/koerperpflege-kosmetik/naturkosmetik/haarpflege/", "https://www.aponeo.de/koerperpflege-kosmetik/naturkosmetik/handpflege/", "https://www.aponeo.de/koerperpflege-kosmetik/naturkosmetik/koerpercremes-und-lotions/", "https://www.aponeo.de/koerperpflege-kosmetik/naturkosmetik/koerperoele/", "https://www.aponeo.de/koerperpflege-kosmetik/naturkosmetik/lippenpflege/", "https://www.aponeo.de/koerperpflege-kosmetik/naturkosmetik/make-up/", "https://www.aponeo.de/koerperpflege-kosmetik/naturkosmetik/mund-und-zahnpflege/", "https://www.aponeo.de/koerperpflege-kosmetik/naturkosmetik/nachtpflege/", "https://www.aponeo.de/koerperpflege-kosmetik/naturkosmetik/rasur/", "https://www.aponeo.de/koerperpflege-kosmetik/naturkosmetik/seren-und-fluide/", "https://www.aponeo.de/koerperpflege-kosmetik/naturkosmetik/spezielle-anwendungen/", null, null, null, null, null, "javascript:;", "javascript:void(0);", null, null, null, null, "https://www.aponeo.de/14244591-weleda-straffendes-gesichtsoel-granatapfel.html", "https://www.aponeo.de/10271651-age-protect-oel.html", "https://www.aponeo.de/06080313-extra-rich-beauty-elixier-gesichtsoel.html", "https://www.aponeo.de/04287381-borretschoel.html", "https://www.aponeo.de/13903465-aloe-vera-gesichtsoel.html", "https://www.aponeo.de/18204393-himalayas-dreams-ayurveda-koerperundges-oel-centella.html", "https://www.aponeo.de/18204358-himalayas-dreams-ayurveda-koerperundges-oel-sandalw.html", "https://www.aponeo.de/16384669-nuxe-bio-regenerierendes-naehrendes-nachtoel.html", "https://www.aponeo.de/18204370-himalayas-dreams-ayurveda-koerperundgesichtsoel-viola.html", "https://www.aponeo.de/18204364-himalayas-dreams-ayurveda-koerperundges-oel-pink-lot.html", "https://www.aponeo.de/18204387-himalayas-dreams-ayurveda-koerperundgesichtsoel-rose.html", "https://www.aponeo.de/16137296-birkenstock-regenerating-oil-face-und-body.html", "https://www.aponeo.de/18204571-himalayas-dreams-energyliner-balance-oel.html", "https://www.aponeo.de/18204594-himalayas-dreams-energyliner-serenity-oel.html", "https://www.aponeo.de/18204565-himalayas-dreams-energyliner-happiness-oel.html", "https://www.aponeo.de/11592541-cattier-trockenoel.html", "https://www.aponeo.de/14308836-balmyou-reines-arabica-kaffeeoel.html", "https://www.aponeo.de/18204602-himalayas-dreams-energyliner-clarity-oel.html", "https://www.aponeo.de/18204588-himalayas-dreams-energyliner-harmony-oel.html", "https://www.aponeo.de/14407774-balmyou-reines-moringaoel.html", "https://www.aponeo.de/17514269-goldgruebchen-oel.html", "#", null, null, null, "/informationen/ueber-uns/sicherheit-und-auszeichnungen/", "https://ehi-siegel.de/verbraucher/shops-mit-siegel/zertifizierte-shops/zertifikat/c9a5286d91bc7f0fd14165f81b3140bc/", "https://versandhandel.dimdi.de/websearch/servlet/Gate?accessid=dimdi_var&term=2798857590801c4e5bbaa140ad0a81a3", "https://www.trustedshops.com/bewertung/info_X02014F69445966EB50445D40FDAC73E1.html", "https://www.bvl.bund.de/DE/Arbeitsbereiche/05_Tierarzneimittel/02_Verbraucher/07_Haendlerregister/05_Tabelle/tam_haendler_node.html#TAM-H-402", "/informationen/ueber-uns/", "/informationen/ueber-uns/heilpraktikerverzeichnis/", "/informationen/service/", "/informationen/rechtliches/", "https://www.facebook.com/aponeo", "http://twitter.com/#!/aponeo", "https://itunes.apple.com/de/app/aponeo/id1459083757?ls=1&mt=8", "https://play.google.com/store/apps/details?id=com.aponeo.app", "/kundenbereich/bonusprogramm/", "/ratgeber/rueckenschmerzen.html", "/ratgeber/durchfall-hausmittel.html", "/ratgeber/das-immunsystem.html", "/ratgeber/bryonia.html", "/02295643-abc-waerme-pflaster-capsicum-hansaplast-med-14x22.html", "/markenshops/kytta/", "/markenshops/thermacare/", "/markenshops/voltaren/", "/rezept-einloesen/e-rezept/", "/sport-fitness/aufbaupraeparate/eiweissnahrung/", "/markenshops/manuka-health/", "/nahrungsergaenzung/spermidin/", "/ideen/hallo-herbst/", "/arzneimittel/erkaeltung/", "/nahrungsergaenzung/immunsystem/", "/koerperpflege-kosmetik/koerper/trockene-sensible-haut/", "/markenshops/bepanthen/", "/18320478-elotrans-reload-elektrolyt-pulver-mit-vitaminen.html", "/vitamine-mineralstoffe/magnesium/", "/arzneimittel/schmerztabletten/", "/arzneimittel/schmerztabletten/kopfschmerztabletten/", "/sanitaetshaus/medizinische-geraete/fieberthermometer/ ", "/sanitaetshaus/pflaster/", "/arzneimittel/magen-darm/", "/informationen/rechtliches/agb/", "/informationen/rechtliches/widerrufsbelehrung/", "/informationen/rechtliches/impressum/", "/informationen/rechtliches/datenschutz/", "#"]}