{"title": "K\u00f6rperpflege f\u00fcr empfindliche & sensible Haut", "author": null, "url": null, "hostname": null, "description": null, "sitename": "Apotheke am Medizinzentrum Heinsberg", "date": "2023-01-01", "id": null, "license": null, "body": null, "comments": "", "commentsbody": null, "raw_text": null, "text": "K\u00f6rperpflege f\u00fcr empfindliche & sensible Haut\n[ROCHE POSAY THERMALWASSER neue Verpackung 300 ML](https://www.apotheke-am-medizinzentrum.de/produkt/04011897/)\nL'Oreal Deutschland GmbH\n12,90 \u20ac*\nGrundpreis: 43,00 \u20ac / l\n[Bepanthol Derma Regenerierende K\u00f6rperlotion NF 1X400 ML](https://www.apotheke-am-medizinzentrum.de/produkt/16529725/)\nBayer Vital GmbH\n24,69 \u20ac*\nGrundpreis: 61,73 \u20ac / l\n[Linola Hautmilch leicht 200 ML](https://www.apotheke-am-medizinzentrum.de/produkt/11657594/)\nDr. August Wolff GmbH & Co.KG Arzneimittel\n13,99 \u20ac*\nGrundpreis: 69,95 \u20ac / l\n[Bepanthol Derma Feuchtigkeit. K\u00f6rperlotion 1X200 ML](https://www.apotheke-am-medizinzentrum.de/produkt/16529665/)\nBayer Vital GmbH\n17,28 \u20ac*\nGrundpreis: 86,40 \u20ac / l\n[Bepanthol Derma Feuchtigkeit. K\u00f6rperlotion 1X400 ML](https://www.apotheke-am-medizinzentrum.de/produkt/16529671/)\nBayer Vital GmbH\n24,69 \u20ac*\nGrundpreis: 61,73 \u20ac / l\n[Bepanthol Derma Feuchtigkeit. K\u00f6rperlotion NF 1X400 ML](https://www.apotheke-am-medizinzentrum.de/produkt/16529688/)\nBayer Vital GmbH\n22,25 \u20ac*\nGrundpreis: 55,63 \u20ac / l\n[Bepanthol Derma Regenerierende K\u00f6rperlotion 1X200 ML](https://www.apotheke-am-medizinzentrum.de/produkt/16529702/)\nBayer Vital GmbH\n18,94 \u20ac*\nGrundpreis: 94,70 \u20ac / l\n[Bepanthol Derma Regenerierende K\u00f6rperlotion 1X400 ML](https://www.apotheke-am-medizinzentrum.de/produkt/16529719/)\nBayer Vital GmbH\n27,17 \u20ac*\nGrundpreis: 67,93 \u20ac / l\n[PHYSIOGEL Daily Moisture Therapy sehr trocken Cre 75 ML](https://www.apotheke-am-medizinzentrum.de/produkt/17185009/)\nKlinge Pharma GmbH\n15,95 \u20ac*\nGrundpreis: 212,67 \u20ac / l\n[Luvos Naturkosmetik K\u00f6rperbalsam Intensivpflege 150 ML](https://www.apotheke-am-medizinzentrum.de/produkt/10006021/)\nHeilerde-Gesellschaft Luvos Just GmbH & Co. KG\n10,49 \u20ac*\nGrundpreis: 69,93 \u20ac / l\n[WOLFF BASIS CREME HALBFETT 700 ML](https://www.apotheke-am-medizinzentrum.de/produkt/09755792/)\nDr. August Wolff GmbH & Co.KG Arzneimittel\n79,98 \u20ac*\nGrundpreis: 114,26 \u20ac / l\n[WOLFF BASIS CREME HALBFETT 250 ML](https://www.apotheke-am-medizinzentrum.de/produkt/09755786/)\nDr. August Wolff GmbH & Co.KG Arzneimittel\n44,99 \u20ac*\nGrundpreis: 179,96 \u20ac / l\n[PHYSIOGEL Daily Moisture Therapy sehr trocken Cre 150 ML](https://www.apotheke-am-medizinzentrum.de/produkt/17185015/)\nKlinge Pharma GmbH\n25,20 \u20ac*\nGrundpreis: 168,00 \u20ac / l\n[WOLFF BASIS CREME HALBFETT 50 ML](https://www.apotheke-am-medizinzentrum.de/produkt/09755757/)\nDr. August Wolff GmbH & Co.KG Arzneimittel\n11,99 \u20ac*\nGrundpreis: 239,80 \u20ac / l\n[Callusan Rapid 125 ml Dose 125 ML](https://www.apotheke-am-medizinzentrum.de/produkt/08610034/)\nBELSANA Medizinische Erzeugnisse\n12,50 \u20ac*\nGrundpreis: 100,00 \u20ac / l\n[PHYSIOGEL Daily Moisture Therapy sehr trocken Lot 200 ML](https://www.apotheke-am-medizinzentrum.de/produkt/17185021/)\nKlinge Pharma GmbH\n23,95 \u20ac*\nGrundpreis: 119,75 \u20ac / l\n[EUBOS Empf.Haut Omega 3-6-9 Hydro Activ Lotion 200 ML](https://www.apotheke-am-medizinzentrum.de/produkt/07392983/)\nDr.Hobein (Nachf.) GmbH\n23,35 \u20ac*\nGrundpreis: 116,75 \u20ac / l\n[Haut in Balance Oliven\u00f6l K\u00f6rperbalsam 5% 200 ML](https://www.apotheke-am-medizinzentrum.de/produkt/07371573/)\nDr. Theiss Naturwaren GmbH\n15,70 \u20ac*\nGrundpreis: 78,50 \u20ac / l\n[Cetaphil Optimal Hydration Bodylotion 237 ML](https://www.apotheke-am-medizinzentrum.de/produkt/17259162/)\nGalderma Laboratorium GmbH\n19,95 \u20ac*\nGrundpreis: 84,18 \u20ac / l\n[Oliven\u00f6l K\u00f6rper-Balsam im Spender 500 ML](https://www.apotheke-am-medizinzentrum.de/produkt/05139300/)\nDr. Theiss Naturwaren GmbH\n22,95 \u20ac*\nGrundpreis: 45,90 \u20ac / l\n[Dr.Theiss Nachtkerzen Hautbalsam 100 ML](https://www.apotheke-am-medizinzentrum.de/produkt/04814194/)\nDr. Theiss Naturwaren GmbH\n14,85 \u20ac*\nGrundpreis: 148,50 \u20ac / l\n[RINGELBLUMENS CALEN AURICA 100 ML](https://www.apotheke-am-medizinzentrum.de/produkt/03208215/)\nAURICA Naturheilm.u.Naturwaren GmbH\n9,95 \u20ac*\nGrundpreis: 99,50 \u20ac / l\n[Dr.Theiss Nachtkerzen Hautbalsam 200 ML](https://www.apotheke-am-medizinzentrum.de/produkt/03025259/)\nDr. Theiss Naturwaren GmbH\n22,15 \u20ac*\nGrundpreis: 110,75 \u20ac / l", "language": null, "image": null, "pagetype": null, "links": ["https://www.apotheke-am-medizinzentrum.de/#address-map", "tel:0245222991", "mailto:apotheke-am-mdz.hs@t-online.de", "https://www.apotheke-am-medizinzentrum.de/kontakt/#openings", "https://www.apotheke-am-medizinzentrum.de/", "https://www.apotheke-am-medizinzentrum.de/", "https://www.apotheke-am-medizinzentrum.de/shop/rezept/", "https://www.apotheke-am-medizinzentrum.de/anwendung/", "https://www.apotheke-am-medizinzentrum.de/konto/", "https://www.apotheke-am-medizinzentrum.de/warenkorb/", "#0", "https://www.apotheke-am-medizinzentrum.de/anwendung/", "https://www.apotheke-am-medizinzentrum.de/angebote/", "https://www.apotheke-am-medizinzentrum.de/gutscheine/", "https://www.apotheke-am-medizinzentrum.de/anwendung/1/", "https://www.apotheke-am-medizinzentrum.de/anwendung/135/", "https://www.apotheke-am-medizinzentrum.de/anwendung/14/", "https://www.apotheke-am-medizinzentrum.de/anwendung/1137/", "https://www.apotheke-am-medizinzentrum.de/anwendung/141/", "https://www.apotheke-am-medizinzentrum.de/anwendung/128/", "https://www.apotheke-am-medizinzentrum.de/anwendung/166/", "https://www.apotheke-am-medizinzentrum.de/anwendung/125/", "https://www.apotheke-am-medizinzentrum.de/anwendung/21/", "https://www.apotheke-am-medizinzentrum.de/anwendung/146/", "https://www.apotheke-am-medizinzentrum.de/anwendung/615/", "https://www.apotheke-am-medizinzentrum.de/anwendung/", "https://www.apotheke-am-medizinzentrum.de/shop/rezept/", "https://www.apotheke-am-medizinzentrum.de/leistungen/", "https://www.apotheke-am-medizinzentrum.de/leistungen/erezept/", "https://www.apotheke-am-medizinzentrum.de/impfzentrum/", "https://www.apotheke-am-medizinzentrum.de/impfzentrum/corona/", "https://www.apotheke-am-medizinzentrum.de/impfzentrum/grippe/", "https://www.apotheke-am-medizinzentrum.de/leistungen/kosmetiksortiment/", "https://www.apotheke-am-medizinzentrum.de/leistungen/", "https://www.apotheke-am-medizinzentrum.de/gesundheitsbibliothek/", "https://www.apotheke-am-medizinzentrum.de/angebote/", "https://www.apotheke-am-medizinzentrum.de/gutscheine/", "https://www.apotheke-am-medizinzentrum.de/stellenangebote/", "https://www.apotheke-am-medizinzentrum.de/unsere_apotheke/", "https://www.apotheke-am-medizinzentrum.de/apotheken/", "https://www.apotheke-am-medizinzentrum.de/stellenangebote/", "https://www.apotheke-am-medizinzentrum.de/team/", "https://www.apotheke-am-medizinzentrum.de/website/seite/aktuelles-1516/", "https://www.apotheke-am-medizinzentrum.de/website/seite/unsere-leistungen-1515/", "https://www.apotheke-am-medizinzentrum.de/website/seite/stellenangebote-4643/", "https://www.apotheke-am-medizinzentrum.de/website/seite/aktuelle-angebote-2881/", "https://www.apotheke-am-medizinzentrum.de/website/seite/phytothek-1144/", "https://www.apotheke-am-medizinzentrum.de/website/seite/bestens-beraten-rund-um-ihre-gesundheit-1140/", "https://www.apotheke-am-medizinzentrum.de/website/seite/das-e-rezept-2407/", "https://www.apotheke-am-medizinzentrum.de/website/seite/kundenkarte-1517/", "https://www.apotheke-am-medizinzentrum.de/website/seite/lieferservice-1518/", "https://m.aponet.de/notdienstsuche.html", "https://www.coda-apotheken.de/website/", "https://www.aponet.de/service/notdienstapotheke-finden/suchergebnis/0/52525.html", "https://www.apotheke-am-medizinzentrum.de/kontakt/", "https://www.apotheke-am-medizinzentrum.de/konto/", "tel:0245222991", "mailto:apotheke-am-mdz.hs@t-online.de", "https://www.apotheke-am-medizinzentrum.de/kontakt/#address-map", "https://www.apotheke-am-medizinzentrum.de/", "https://www.apotheke-am-medizinzentrum.de/anwendung/141/", "https://www.apotheke-am-medizinzentrum.de/anwendung/225/", "https://www.apotheke-am-medizinzentrum.de/anwendung/669/", "https://www.apotheke-am-medizinzentrum.de/produkt/11871732/", "https://www.apotheke-am-medizinzentrum.de/produkt/04011897/", "https://www.apotheke-am-medizinzentrum.de/produkt/04357472/", "https://www.apotheke-am-medizinzentrum.de/produkt/15996784/", "https://www.apotheke-am-medizinzentrum.de/produkt/02134437/", "https://www.apotheke-am-medizinzentrum.de/produkt/02134443/", "https://www.apotheke-am-medizinzentrum.de/produkt/12445210/", "https://www.apotheke-am-medizinzentrum.de/produkt/01357282/", "https://www.apotheke-am-medizinzentrum.de/produkt/01874014/", "https://www.apotheke-am-medizinzentrum.de/produkt/16529725/", "https://www.apotheke-am-medizinzentrum.de/produkt/06812354/", "https://www.apotheke-am-medizinzentrum.de/produkt/14240937/", "https://www.apotheke-am-medizinzentrum.de/produkt/12510261/", "https://www.apotheke-am-medizinzentrum.de/produkt/14294620/", "https://www.apotheke-am-medizinzentrum.de/produkt/12353844/", "https://www.apotheke-am-medizinzentrum.de/produkt/11657594/", "https://www.apotheke-am-medizinzentrum.de/produkt/16529665/", "https://www.apotheke-am-medizinzentrum.de/produkt/16529671/", "https://www.apotheke-am-medizinzentrum.de/produkt/16529688/", "https://www.apotheke-am-medizinzentrum.de/produkt/16529702/", "https://www.apotheke-am-medizinzentrum.de/produkt/16529719/", "https://www.apotheke-am-medizinzentrum.de/produkt/11109102/", "https://www.apotheke-am-medizinzentrum.de/produkt/10933371/", "https://www.apotheke-am-medizinzentrum.de/produkt/16823005/", "https://www.apotheke-am-medizinzentrum.de/produkt/17185009/", "https://www.apotheke-am-medizinzentrum.de/produkt/10006021/", "https://www.apotheke-am-medizinzentrum.de/produkt/09946948/", "https://www.apotheke-am-medizinzentrum.de/produkt/09755792/", "https://www.apotheke-am-medizinzentrum.de/produkt/09755786/", "https://www.apotheke-am-medizinzentrum.de/produkt/17185015/", "https://www.apotheke-am-medizinzentrum.de/produkt/09755757/", "https://www.apotheke-am-medizinzentrum.de/produkt/08672673/", "https://www.apotheke-am-medizinzentrum.de/produkt/08610034/", "https://www.apotheke-am-medizinzentrum.de/produkt/17185021/", "https://www.apotheke-am-medizinzentrum.de/produkt/07452107/", "https://www.apotheke-am-medizinzentrum.de/produkt/07392983/", "https://www.apotheke-am-medizinzentrum.de/produkt/07371573/", "https://www.apotheke-am-medizinzentrum.de/produkt/07239359/", "https://www.apotheke-am-medizinzentrum.de/produkt/17252266/", "https://www.apotheke-am-medizinzentrum.de/produkt/07127301/", "https://www.apotheke-am-medizinzentrum.de/produkt/17259162/", "https://www.apotheke-am-medizinzentrum.de/produkt/06812176/", "https://www.apotheke-am-medizinzentrum.de/produkt/06475968/", "https://www.apotheke-am-medizinzentrum.de/produkt/05892061/", "https://www.apotheke-am-medizinzentrum.de/produkt/05139300/", "https://www.apotheke-am-medizinzentrum.de/produkt/04814194/", "https://www.apotheke-am-medizinzentrum.de/produkt/17873181/", "https://www.apotheke-am-medizinzentrum.de/produkt/03745999/", "https://www.apotheke-am-medizinzentrum.de/produkt/03678748/", "https://www.apotheke-am-medizinzentrum.de/produkt/03577214/", "https://www.apotheke-am-medizinzentrum.de/produkt/03549689/", "https://www.apotheke-am-medizinzentrum.de/produkt/17308742/", "https://www.apotheke-am-medizinzentrum.de/produkt/03208215/", "https://www.apotheke-am-medizinzentrum.de/produkt/03025259/", "https://www.apotheke-am-medizinzentrum.de/produkt/03024461/", "?p=2", "https://www.apotheke-am-medizinzentrum.de/angebote/", "https://www.apotheke-am-medizinzentrum.de/gutscheine/", "https://www.apotheke-am-medizinzentrum.de/shop/rezept/", "https://www.apotheke-am-medizinzentrum.de/kontakt#openings", "https://www.aponet.de/service/notdienstapotheke-finden/suchergebnis/0/52525.html", "https://www.apotheke-am-medizinzentrum.de/kontakt", "https://www.apotheke-am-medizinzentrum.de/apotheken/", "https://www.apotheke-am-medizinzentrum.de/leistungen/", "https://www.apotheke-am-medizinzentrum.de/team/", "https://www.apotheke-am-medizinzentrum.de/stellenangebote/", "https://www.apotheke-am-medizinzentrum.de/gesundheitsbibliothek/", "https://www.facebook.com/domapothekeapothekeammdz.hs/", "https://www.instagram.com/dom_apotheke_apotheke_am_mdz/", "https://www.apotheke-am-medizinzentrum.de/info/impressum/", "https://www.apotheke-am-medizinzentrum.de/info/datenschutz/", "https://www.apotheke-am-medizinzentrum.de/info/bildnachweis/", "https://www.apotheke-am-medizinzentrum.de/info/zahlung/", "https://www.apotheke-am-medizinzentrum.de/info/versandkosten/", "https://www.apotheke-am-medizinzentrum.de/info/agb/", "https://www.apotheke-am-medizinzentrum.de/info/agb/#para11", "mailto:apotheke-am-mdz.hs@t-online.de", "tel:0245222991"]}