{"title": "Emla Creme + 2 Tegaderm Pflaster 5 G Creme kaufen | Volksversand Versandapotheke", "author": null, "url": "https://volksversand.de/arzneimittel/emla-creme-2-tegaderm-pflaster-5-g-creme-pzn-13231250-2934883", "hostname": "volksversand.de", "description": "EMLA Creme bet\u00e4ubt lokal die Haut und setzt so das Schmerzempfinden an der behandelten Hautstelle herab. Geeignete Anwendungsgebiete umfassen zum Beispiel die Hautbet\u00e4ubung als Vorbereitung vor der Impfung oder die Oberfl\u00e4chenbet\u00e4ubung...", "sitename": "Volksversand Versandapotheke", "date": "2020-10-05", "id": null, "license": null, "body": null, "comments": "", "commentsbody": null, "raw_text": null, "text": "Der Artikel wurde erfolgreich hinzugef\u00fcgt.\nEmla Creme + 2 Tegaderm Pflaster 5 G Creme\n- Zur \u00f6rtlichen Schmerzausschaltung\n- Zur Anwendung auf der Haut\n- Inklusive Pflaster\nArtikelnummer:\n2934883\nPZN:\n13231250\nInhalt:\n5 g Creme\nMarke:\nInhalt 5 g Creme\nAVP* 11,71 \u20ac 8,69 \u20ac 0.005 kg (1.738,00 \u20ac / 1 kg) 25\nP 80 Bonuspunkte sichern\n[Jetzt Bonuspunkte sammeln](/volksversand-bonuspunkte)\nZu Risiken und Nebenwirkungen lesen Sie bitte die Packungsbeilage und fragen Sie Ihre \u00c4rztin, Ihren Arzt oder in Ihrer Apotheke.\n42\n[](https://volksversand.de/arzneimittel/hydrocortison-ratiopharm-0-5-30-g-creme-pzn-09703312-2441962)\n(6)\n[Hydrocortison-ratiopharm 0,5%](https://volksversand.de/arzneimittel/hydrocortison-ratiopharm-0-5-30-g-creme-pzn-09703312-2441962)\nBei Entz\u00fcndungssymptomen der Haut\nAVP* 10,48 \u20ac 5,99 \u20ac\nInhalt 30 g Creme\n0.03 kg (199,67 \u20ac / 1 kg)\n0.03 kg (199,67 \u20ac / 1 kg)\n41\n[](https://volksversand.de/artikel/fenistil-kuehl-roll-on-8-ml-pzn-04074946-2076206)\n(53)\n[Fenistil K\u00fchl Roll-on](https://volksversand.de/artikel/fenistil-kuehl-roll-on-8-ml-pzn-04074946-2076206)\nBei Juckreiz und Brennen\nUVP 8,50 \u20ac 4,99 \u20ac\nInhalt 8 ml Gel\n0.008 l (623,75 \u20ac / 1 l)\n0.008 l (623,75 \u20ac / 1 l)\n40\nGRATIS\nVersand\nVersand\n[](https://volksversand.de/beauty-und-pflege/zinksalbe-medibond-50-ml-2983724)\n(26)\n[Zinksalbe Medibond](https://volksversand.de/beauty-und-pflege/zinksalbe-medibond-50-ml-2983724)\nBei rissiger & ger\u00f6teter Haut\nUVP 9,95 \u20ac 5,95 \u20ac\nInhalt 50 ml Salbe\n0.05 l (119,00 \u20ac / 1 l)\n0.05 l (119,00 \u20ac / 1 l)\n23\nGRATIS\nVersand\nVersand\n[](https://volksversand.de/beauty-und-pflege/la-roche-posay-effaclar-duo-lsf30-40-ml-creme-gratis-effaclar-gel-50-ml-pzn-12828709-2976348)\n(3)\n[La Roche Posay Effaclar Duo+ LSF30 40 ml Creme...](https://volksversand.de/beauty-und-pflege/la-roche-posay-effaclar-duo-lsf30-40-ml-creme-gratis-effaclar-gel-50-ml-pzn-12828709-2976348)\nZur Hautpflege\nUVP 20,90 \u20ac 15,99 \u20ac\nInhalt 40 ml Creme\n0.04 l (399,75 \u20ac / 1 l)\n0.04 l (399,75 \u20ac / 1 l)\n7\n[](https://volksversand.de/beauty-und-pflege/cerave-porentiefe-reinigung-gel-236-ml-gratis-5-ml-pzn-18168757-3163201)\n(3)\n[Cerave porentiefe Reinigung + gratis 5 ml](https://volksversand.de/beauty-und-pflege/cerave-porentiefe-reinigung-gel-236-ml-gratis-5-ml-pzn-18168757-3163201)\nPorentiefe Reinigung\nUVP 11,90 \u20ac 10,99 \u20ac\nInhalt 236 ml Gel\n0.236 l (46,57 \u20ac / 1 l)\n0.236 l (46,57 \u20ac / 1 l)\nGRATIS\nVersand\nVersand\n[](https://volksversand.de/familie-und-baby/linola-schutz-balsam-100-ml-gratis-linola-dusch-und-wasch-100-ml-pzn-10339828-3177540)\n(68)\n[Linola Schutz-Balsam + gratis Linola Dusch und...](https://volksversand.de/familie-und-baby/linola-schutz-balsam-100-ml-gratis-linola-dusch-und-wasch-100-ml-pzn-10339828-3177540)\nZur Hautpflege\n15,49 \u20ac\nInhalt 100 ml Balsam\n0.1 l (154,90 \u20ac / 1 l)\n0.1 l (154,90 \u20ac / 1 l)\n30\n[](https://volksversand.de/artikel/aloe-vera-gel-200-ml-pzn-03434207-2718740)\n(18)\n[Aloe Vera Gel](https://volksversand.de/artikel/aloe-vera-gel-200-ml-pzn-03434207-2718740)\nZur Hautberuhigung\nUVP 15,75 \u20ac 10,99 \u20ac\nInhalt 200 ml Gel\n0.2 l (54,95 \u20ac / 1 l)\n0.2 l (54,95 \u20ac / 1 l)\n60\n[](https://volksversand.de/arzneimittel/ibuprofen-medibond-400mg-schmerztabletten-50-stueck-pzn-12472371-2909844)\n(163)\n[Ibuprofen Medibond 400mg Schmerztabletten](https://volksversand.de/arzneimittel/ibuprofen-medibond-400mg-schmerztabletten-50-stueck-pzn-12472371-2909844)\nBei Schmerzen und Fieber\nAVP* 12,52 \u20ac 4,99 \u20ac\nInhalt 50 Filmtabletten\n45\n[](https://volksversand.de/arzneimittel/nasenspray-ratiopharm-erwachsene-2-x-15-ml-pzn-00999848-2277838)\n(837)\n[NasenSpray-ratiopharm Erwachsene](https://volksversand.de/arzneimittel/nasenspray-ratiopharm-erwachsene-2-x-15-ml-pzn-00999848-2277838)\nBei Schnupfen\nAVP* 13,94 \u20ac 7,65 \u20ac\nInhalt 2 x 15 ml Nasenspray\n0.03 l (255,00 \u20ac / 1 l)\n0.03 l (255,00 \u20ac / 1 l)\n36\nGRATIS\nVersand\nVersand\n[](https://volksversand.de/arzneimittel/bepanthen-wund-und-heilsalbe-100-g-pzn-01578847-2054047)\n(105)\n[Bepanthen Wund- und Heilsalbe](https://volksversand.de/arzneimittel/bepanthen-wund-und-heilsalbe-100-g-pzn-01578847-2054047)\nBei wunder, gereizter Haut\nAVP* 18,98 \u20ac 11,99 \u20ac\nInhalt 100 g Salbe\n0.1 kg (119,90 \u20ac / 1 kg)\n0.1 kg (119,90 \u20ac / 1 kg)\n50\n[](https://volksversand.de/arzneimittel/paracetamol-medibond-500mg-schmerztabletten-20-stueck-pzn-13720440-2910792)\n(41)\n[Paracetamol Medibond 500 mg Schmerztabletten](https://volksversand.de/arzneimittel/paracetamol-medibond-500mg-schmerztabletten-20-stueck-pzn-13720440-2910792)\nBei Fieber und Schmerzen\nAVP* 3,20 \u20ac 1,59 \u20ac\nInhalt 20 Tabletten\n25\n[](https://volksversand.de/arzneimittel/nasenspray-ratiopharm-kinder-konservierungsmittelfrei-10-ml-pzn-00999854-2010650)\n(85)\n[Nasenspray-ratiopharm Kinder](https://volksversand.de/arzneimittel/nasenspray-ratiopharm-kinder-konservierungsmittelfrei-10-ml-pzn-00999854-2010650)\nBei Schnupfen\nAVP* 3,99 \u20ac 2,99 \u20ac\nInhalt 10 ml Nasenspray\n0.01 l (299,00 \u20ac / 1 l)\n0.01 l (299,00 \u20ac / 1 l)\n58\n[](https://volksversand.de/arzneimittel/paracetamol-ratiopharm-500-mg-20-tabletten-pzn-01126111-2061810)\n(16)\n[Paracetamol-ratiopharm 500 mg](https://volksversand.de/arzneimittel/paracetamol-ratiopharm-500-mg-20-tabletten-pzn-01126111-2061810)\nBei Schmerzen und Fieber\nAVP* 3,70 \u20ac 1,55 \u20ac\nInhalt 20 Tabletten\n25\n[](https://volksversand.de/arzneimittel/bepanthen-antiseptische-wundcreme-20-g-pzn-01987824-2050185)\n(46)\n[Bepanthen antiseptische Wundcreme](https://volksversand.de/arzneimittel/bepanthen-antiseptische-wundcreme-20-g-pzn-01987824-2050185)\nBei Wunden\nAVP* 7,18 \u20ac 5,35 \u20ac\nInhalt 20 g Creme\n0.02 kg (267,50 \u20ac / 1 kg)\n0.02 kg (267,50 \u20ac / 1 kg)\n15\n[](https://volksversand.de/arzneimittel/octenisept-wund-desinfektion-50-ml-spray-pzn-07463832-2054062)\n(13)\n[Octenisept Wund-Desinfektion](https://volksversand.de/arzneimittel/octenisept-wund-desinfektion-50-ml-spray-pzn-07463832-2054062)\nDesinfektion bei Wunden\nUVP 9,50 \u20ac 7,99 \u20ac\nInhalt 50 ml L\u00f6sung\n0.05 l (159,80 \u20ac / 1 l)\n0.05 l (159,80 \u20ac / 1 l)\n40\n[](https://volksversand.de/arzneimittel/wick-medinait-erkaeltungssirup-fuer-die-nacht-180-ml-pzn-01689009-2077873)\n(293)\n[WICK MediNait Erk\u00e4ltungssirup f\u00fcr die Nacht](https://volksversand.de/arzneimittel/wick-medinait-erkaeltungssirup-fuer-die-nacht-180-ml-pzn-01689009-2077873)\nBei Erk\u00e4ltungsbeschwerden\nAVP* 24,49 \u20ac 14,69 \u20ac\nInhalt 180 ml Sirup\n0.18 l (81,61 \u20ac / 1 l)\n0.18 l (81,61 \u20ac / 1 l)\n45\n[](https://volksversand.de/arzneimittel/nasenduo-nasenspray-2-x-10-ml-pzn-12521543-2911972)\n(96)\n[NasenDuo Nasenspray](https://volksversand.de/arzneimittel/nasenduo-nasenspray-2-x-10-ml-pzn-12521543-2911972)\nBei Schnupfen\nAVP* 15,00 \u20ac 8,25 \u20ac\nInhalt 2 x 10 ml Nasenspray\n0.02 l (412,50 \u20ac / 1 l)\n0.02 l (412,50 \u20ac / 1 l)\n30\n[](https://volksversand.de/arzneimittel/olynth-0-05-fuer-kinder-10-ml-nasendosierspray-pzn-02372668-2053510)\n(2)\n[Olynth 0,05% f\u00fcr Kinder 10 ml Nasendosierspray](https://volksversand.de/arzneimittel/olynth-0-05-fuer-kinder-10-ml-nasendosierspray-pzn-02372668-2053510)\nBei Schnupfen\nAVP* 2,80 \u20ac 1,94 \u20ac\nInhalt 10 ml Nasenspray\n0.01 l (194,00 \u20ac / 1 l)\n0.01 l (194,00 \u20ac / 1 l)\n20\nGRATIS\nVersand\nVersand\n[](https://volksversand.de/nahrungsergaenzungsmittel/wick-zzzquil-gute-nacht-60-weichgummis-pzn-16894643-3040136)\n(22)\n[Wick ZzzQuil Gute Nacht](https://volksversand.de/nahrungsergaenzungsmittel/wick-zzzquil-gute-nacht-60-weichgummis-pzn-16894643-3040136)\nUnterst\u00fctzend bei Einschlafbesch...\nUVP 24,99 \u20ac 19,99 \u20ac\nInhalt 60 St\u00fcck\n0.18 kg (111,06 \u20ac / 1 kg)\n0.18 kg (111,06 \u20ac / 1 kg)\nEMLA Creme bet\u00e4ubt lokal die Haut und setzt so das Schmerzempfinden an der behandelten Hautstelle...\n[mehr](#)\nProduktinformationen \"Emla Creme + 2 Tegaderm Pflaster 5 G Creme\"\nEMLA Creme bet\u00e4ubt lokal die Haut und setzt so das Schmerzempfinden an der behandelten Hautstelle herab. Geeignete Anwendungsgebiete umfassen zum Beispiel die Hautbet\u00e4ubung als Vorbereitung vor der Impfung oder die Oberfl\u00e4chenbet\u00e4ubung vor dem T\u00e4towieren auf einer gr\u00f6\u00dferen Hautfl\u00e4che. Die Dosierung f\u00fcr Erwachsene und Jugendliche \u00fcber 12 Jahren betr\u00e4gt bei kleineren Eingriffen 2 g Creme und f\u00fcr gr\u00f6\u00dfere Hautareale maximal 60 g. Das Auftragen der Creme ist leicht und unkompliziert. Emla Produkte sind dermatologisch gepr\u00fcft und entsprechen h\u00f6chster Qualit\u00e4t.\nLokalan\u00e4sthesie vor mechanischer Wundreinigung von Ulcus cruris (Geschw\u00fcre der Beine).\nErwachsene und Jugendliche ab 12 Jahren:\nLokalan\u00e4sthesie der Haut im Zusammenhang mit der Einf\u00fchrung von i.v.-Kathetern, Blutentnahme und chirurgischen Eingriffen an der Hautoberfl\u00e4che. Lokalan\u00e4sthesie der genitalen Schleimhaut bei kleineren chirurgischen Eingriffen an der Schleimhautoberfl\u00e4che. Zur Unterst\u00fctzung der lokalen Infiltrationsan\u00e4sthesie genitaler Schleimh\u00e4ute.\nKinder:\nNeugeborene von 0 bis 2 Monaten, S\u00e4uglinge von 3 bis 11 Monaten und Kinder von 1 bis 11 Jahren: Lokalan\u00e4sthesie der Haut im Zusammenhang mit der Einf\u00fchrung von i.v.-Kathetern, Blutentnahme und chirurgischen Eingriffen an der Hautoberfl\u00e4che.\nEmla Creme erm\u00f6glicht ein leichtes und unkompliziertes Auftragen auf die zu\nDie Einwirkzeit der EMLA Creme betr\u00e4gt 1-2 Stunden. Die Wirkung h\u00e4lt dann\nEs ist unwahrscheinlich, dass die gelegentliche Anwendung von EMLA w\u00e4hrend der Schwangerschaft negative Auswirkungen auf das Ungeborene hat.\nDie Wirkstoffe in EMLA (Lidocain und Prilocain) gehen in die Muttermilch \u00fcber. Die Menge ist jedoch so gering, dass im Allgemeinen kein Risiko f\u00fcr das Kind besteht.\nTierstudien zeigten keine Beeintr\u00e4chtigung der m\u00e4nnlichen oder weiblichen Zeugungs- bzw. Geb\u00e4rf\u00e4higkeit.\nTeilen Sie Ihrem Arzt insbesondere mit, wenn Sie oder Ihr Kind k\u00fcrzlich eines der folgenden Arzneimittel angewendet haben oder es Ihnen verabreicht wurde:\nVermeiden Sie, EMLA in die Augen zu bekommen, da dies Reizungen verursachen kann. Sollte EMLA versehentlich in Ihr Auge gelangen, sollten Sie es sofort gut mit lauwarmem Wasser oder Kochsalzl\u00f6sung (Natriumchlorid) sp\u00fclen. Achten Sie darauf, dass nichts in Ihr Auge kommt, bis das Gef\u00fchl zur\u00fcckgekehrt ist.\nEMLA sollte nicht an einem gesch\u00e4digten Trommelfell angewendet werden.\nWenn Sie EMLA vor Impfungen mit Lebendimpfstoffen anwenden (z. B. Tuberkulose-Impfungen), sollten Sie Ihren Arzt oder das medizinische Fachpersonal im vorgegebenen Zeitraum zur \u00dcberpr\u00fcfung des Impfergebnisses noch einmal aufsuchen.\nKinder und Jugendliche\nBei S\u00e4uglingen/Neugeborenen j\u00fcnger als 3 Monate wird bis zu 12 Stunden nach Auftragen von EMLA h\u00e4ufig ein vor\u00fcbergehender, klinisch nicht bedeutender Anstieg der Konzentration des Blutfarbstoffes Meth\u00e4moglobin im Blut beobachtet (\"Meth\u00e4moglobin\u00e4mi\").\nDie Wirksamkeit von EMLA bei der Blutentnahme an der Ferse von Neugeborenen oder hinsichtlich der Gew\u00e4hrleistung einer hinreichenden Analgesie bei einer Zirkumzision konnte in klinischen Studien nicht best\u00e4tigt werden.\nAufgrund unzureichender Daten zur Wirkstoffaufnahme sollte EMLA bei Kindern (unter 12 Jahren) nicht auf der genitalen Haut (z. B. Penis) und der genitalen Schleimhaut (z. B. in der Scheide) angewendet werden.\nEMLA sollte nicht bei Kindern j\u00fcnger als 12 Monate angewendet werden, die gleichzeitig mit anderen Arzneimitteln behandelt werden, die sich auf die Blutkonzentration des Blutfarbstoffes Meth\u00e4moglobin (\"Meth\u00e4moglobin\u00e4mi\") auswirken (z. B. Sulfonamide, siehe auch \"Anwendung von EMLA zusammen mit anderen Arzneimitteln\").\nEMLA sollte nicht bei Fr\u00fchgeborenen angewendet werden.\nEMLA hat keinen oder einen zu vernachl\u00e4ssigenden Einfluss auf die Verkehrst\u00fcchtigkeit und die F\u00e4higkeit zum Bedienen von Maschinen, wenn es in den empfohlenen Dosierungen angewendet wird.\nEMLA enth\u00e4lt Macrogolglycerolhydroxystearat (Ph.Eur.= Europ\u00e4isches Arzneibuch).\nMacrogolglycerolhydroxystearat (Ph.Eur.) kann Hautreizungen hervorrufen.\nWie alle Arzneimittel kann auch dieses Arzneimittel Nebenwirkungen haben, die aber nicht bei jedem auftreten m\u00fcssen. Wenn eine der aufgef\u00fchrten Nebenwirkungen Sie beeintr\u00e4chtigt oder Sie den Eindruck haben, dass sie nicht weggehen, wenden Sie sich bitte an Ihre \u00c4rztin, Ihren Arzt oder Apotheker.\nInformieren Sie Ihre \u00c4rztin Ihren Arzt \u00fcber alles Weitere, was dazu f\u00fchrt, dass Sie sich unwohl f\u00fchlen, w\u00e4hrend Sie EMLA anwenden.\nEine leichte Reaktion (Bl\u00e4sse oder R\u00f6tung der Haut, leichte Schwellungen, anf\u00e4ngliches Brennen oder Jucken) kann auf der Fl\u00e4che, auf der EMLA angewendet wird, auftreten. Dies sind normale Reaktionen auf die Creme und die An\u00e4sthetika, die nach kurzer Zeit verschwinden, ohne dass Ma\u00dfnahmen n\u00f6tig sind.\nWenn Sie unangenehme oder ungew\u00f6hnliche Wirkungen bemerken, w\u00e4hrend Sie EMLA anwenden, beenden Sie die Anwendung und informieren Sie Ihre \u00c4rztin, Ihren Arzt oder Apotheker so schnell wie m\u00f6glich.\nH\u00e4ufig (kann bis zu 1 von 10 Behandelten betreffen)\nVor\u00fcbergehende lokale Hautreaktionen (Bl\u00e4sse, R\u00f6tung, Schwellung) an der behandelten Fl\u00e4che w\u00e4hrend der Behandlung der Haut, der Genitalschleimhaut oder von Beingeschw\u00fcren. Ein anf\u00e4ngliches leichtes Brennen, Jucken oder W\u00e4rmegef\u00fchl an der behandelten Fl\u00e4che w\u00e4hrend der Behandlung der Genitalschleimhaut oder von Beingeschw\u00fcren.\nGelegentlich (kann bis zu 1 von 100 Behandelten betreffen)\nEin anf\u00e4ngliches leichtes Brennen, Jucken oder W\u00e4rmegef\u00fchl an der behandelten Fl\u00e4che w\u00e4hrend der Behandlung der Haut. Taubheit (Kribbeln) an der behandelten Fl\u00e4che w\u00e4hrend der Behandlung der Genitalschleimhaut. Reizung der behandelten Haut w\u00e4hrend der Behandlung von Beingeschw\u00fcren.\nSelten (kann bis zu 1 von 1.000 Behandelten betreffen)\nAllergische Reaktionen, die in seltenen F\u00e4llen zu einem anaphylaktischen Schock f\u00fchren k\u00f6nnen (Hautausschlag, Schwellung, Fieber, Atembeschwerden und Ohnmacht) w\u00e4hrend der Behandlung der Haut, der Genitalschleimhaut oder von Beingeschw\u00fcren. Meth\u00e4moglobin\u00e4mie (St\u00f6rung des Blutes) w\u00e4hrend der Behandlung der Haut. Kleine, punktf\u00f6rmige Blutung an der behandelten Fl\u00e4che (besonders bei Kindern mit Ekzem nach l\u00e4ngerer Einwirkdauer) w\u00e4hrend der Behandlung der Haut. Reizung der Augen, wenn EMLA versehentlich w\u00e4hrend der Behandlung der Haut mit ihnen in Kontakt kommt.\nZus\u00e4tzliche Nebenwirkungen bei Kindern\nMeth\u00e4moglobin\u00e4mie, eine St\u00f6rung des Blutes, die h\u00e4ufiger beobachtet wird, oft in Zusammenhang mit einer \u00dcberdosierung bei Neugeborenen und S\u00e4uglingen im Alter von 0 bis 12 Monaten.\nSie d\u00fcrfen dieses Arzneimittel nach dem auf dem Umkarton und der Tube nach \"Verwendbar bis\" angegebenen Verfalldatum nicht mehr verwenden. Das Verfalldatum bezieht sich auf den letzten Tag des angegebenen Monats.\nBei Anwendung auf Beingeschw\u00fcren ist die Creme nur zum Einmalgebrauch vorgesehen. Entsorgen Sie die Tube mit dem restlichen Inhalt nach jeder Behandlung.\nAufbewahrungsbedingungen: Nicht einfrieren.\nEntsorgen Sie Arzneimittel nicht im Abwasser oder Haushaltsabfall. Fragen Sie Ihren Apotheker, wie das Arzneimittel zu entsorgen ist, wenn Sie es nicht mehr verwenden. Sie tragen damit zum Schutz der Umwelt bei.\nAntwort unserer Pharmazeuten: In einer Beobachtungsstudie wurde nachgewiesen, dass EMLA Creme die Schmerzen im Vergleich zur Kontrollgruppe deutlich lindern konnte.1\nKundenanfrage: Welche Wirkstoffe beinhaltet EMLA?\nAntwort unserer Pharmazeuten: EMLA besteht aus der Wirkstoffkombination Lidocain und Priolocain.2\nDie beiden Wirkstoffe blockieren die Schmerzreizleitung f\u00fcr eine gewisse Zeitspanne. Somit wird das Schmerzempfinden herabgesetzt.\n1 Gwetu, Use of EMLA cream as a topical anaestetic before venepuncture procedures in field surveys; SAMJ, July 2015, Vol 105 No 7\n2 Fachinformation EMLA Pflaster, Stand: November 2017\nAnwendungsgebieteErwachsene:\nLokalan\u00e4sthesie vor mechanischer Wundreinigung von Ulcus cruris (Geschw\u00fcre der Beine).\nErwachsene und Jugendliche ab 12 Jahren:\nLokalan\u00e4sthesie der Haut im Zusammenhang mit der Einf\u00fchrung von i.v.-Kathetern, Blutentnahme und chirurgischen Eingriffen an der Hautoberfl\u00e4che. Lokalan\u00e4sthesie der genitalen Schleimhaut bei kleineren chirurgischen Eingriffen an der Schleimhautoberfl\u00e4che. Zur Unterst\u00fctzung der lokalen Infiltrationsan\u00e4sthesie genitaler Schleimh\u00e4ute.\nKinder:\nNeugeborene von 0 bis 2 Monaten, S\u00e4uglinge von 3 bis 11 Monaten und Kinder von 1 bis 11 Jahren: Lokalan\u00e4sthesie der Haut im Zusammenhang mit der Einf\u00fchrung von i.v.-Kathetern, Blutentnahme und chirurgischen Eingriffen an der Hautoberfl\u00e4che.\nAktive Wirkstoffe25 mg/g Lidocain und 25 mg/g Prilocain\nHilfsstoffePEG-54 hydriertes Rizinus\u00f6l (HST) , Carbomer 974 P (HST) , Natronlauge zur pH-Wert-Einstellung (HST) , Wasser, gereinigtes (HST)\nAnwendung & Dosierung\nEmla Creme erm\u00f6glicht ein leichtes und unkompliziertes Auftragen auf die zu\nbehandelnden Stellen. Sie dient der lokalen Bet\u00e4ubung von Haut und Schleimh\u00e4uten um das\nSchmerzempfinden herabzusetzen. Emla Creme ist dermatologisch gepr\u00fcft.\nDie Einwirkzeit der EMLA Creme betr\u00e4gt 1-2 Stunden. Die Wirkung h\u00e4lt dann\nmindestens 2 Stunden an. Bitte beachten Sie die Anweisungen der Packungsbeilage.\nSchwangerschaft & StillzeitWenn Sie schwanger sind oder stillen, oder wenn Sie vermuten, schwanger zu sein oder beabsichtigen, schwanger zu werden, fragen Sie vor der Anwendung dieses Arzneimittels Ihren Arzt oder Apotheker um Rat.\nEs ist unwahrscheinlich, dass die gelegentliche Anwendung von EMLA w\u00e4hrend der Schwangerschaft negative Auswirkungen auf das Ungeborene hat.\nDie Wirkstoffe in EMLA (Lidocain und Prilocain) gehen in die Muttermilch \u00fcber. Die Menge ist jedoch so gering, dass im Allgemeinen kein Risiko f\u00fcr das Kind besteht.\nTierstudien zeigten keine Beeintr\u00e4chtigung der m\u00e4nnlichen oder weiblichen Zeugungs- bzw. Geb\u00e4rf\u00e4higkeit.\nGegenanzeigenEMLA darf nicht angewendet werden, wenn Sie allergisch gegen Lidocain oder Prilocain, andere \u00e4hnliche Lokalan\u00e4sthetika oder gegen einen der in Abschnitt 6 genannten sonstigen Bestandteile dieses Arzneimittels sind.\nWechselwirkungenInformieren Sie Ihre \u00c4rztin, Ihren Arzt oder Apotheker, wenn Sie andere Arzneimittel einnehmen/anwenden, k\u00fcrzlich andere Arzneimittel eingenommen/angewendet haben oder beabsichtigen, andere Arzneimittel einzunehmen/anzuwenden. Dazu geh\u00f6ren auch rezeptfreie und pflanzliche Arzneimittel. Der Grund daf\u00fcr ist, dass EMLA die Wirkungsweise anderer Arzneimittel beeinflussen kann und andere Arzneimittel einen Einfluss auf EMLA haben k\u00f6nnen.\nTeilen Sie Ihrem Arzt insbesondere mit, wenn Sie oder Ihr Kind k\u00fcrzlich eines der folgenden Arzneimittel angewendet haben oder es Ihnen verabreicht wurde:\n- Arzneimittel, Sulfonamide genannt, die bei Infektionen angewendet werden, und Nitrofurantoin.\n- Arzneimittel, Phenytoin und Phenobarbital genannt, die bei Epilepsie angewendet werden.\n- Andere Lokalan\u00e4sthetika.\n- Arzneimittel zur Behandlung von unregelm\u00e4\u00dfigem Herzschlag, wie Amiodaron.\n- Cimetidin oder Betablocker, die einen Anstieg der Lidocain-Konzentration im Blut verursachen k\u00f6nnen. Diese Wechselwirkung ist bei kurzzeitiger Behandlung mit EMLA im Rahmen der empfohlenen Dosierungen klinisch nicht bedeutsam.\nWarnhinweise & Vorsichtsma\u00dfnahmenSprechen Sie mit Ihrem Arzt, Apotheker oder dem medizinischen Fachpersonal, bevor Sie EMLA anwenden,\n- wenn Sie oder Ihr Kind eine seltene angeborene Krankheit haben, \"Glukose-6-phosphat-Dehydrogenasemangel\" genannt, die sich auf das Blut auswirkt.\n- wenn Sie oder Ihr Kind ein Problem mit der Blutkonzentration des Blutfarbstoffs Meth\u00e4moglobin haben, \"Meth\u00e4moglobin\u00e4mie\" genannt.\n- Mit Ausnahme von Beingeschw\u00fcren, wenden Sie EMLA nicht auf Fl\u00e4chen mit Hautausschlag, Schnitten, Hautabsch\u00fcrfungen oder anderen offenen Wunden an. Wenn eines dieser Probleme auftritt, sprechen Sie mit Ihrem Arzt, Apotheker oder dem medizinischen Fachpersonal, bevor Sie die Creme anwenden.\n- wenn Sie oder Ihr Kind eine juckende Hautkrankheit haben, \"atopische Dermatitis\" genannt, kann eine k\u00fcrzere Einwirkdauer ausreichend sein. Eine Einwirkdauer l\u00e4nger als 30 Minuten kann zu einem vermehrten Auftreten von lokalen Gef\u00e4\u00dfreaktionen f\u00fchren ( \"Welche Nebenwirkungen sind m\u00f6glich?\").\n- wenn Sie spezielle Arzneimittel gegen Herzrhythmusst\u00f6rungen einnehmen (Antiarrhythmika der Klasse III, wie Amiodaron). In diesem Fall wird der Arzt Ihre Herzfunktion beobachten.\nVermeiden Sie, EMLA in die Augen zu bekommen, da dies Reizungen verursachen kann. Sollte EMLA versehentlich in Ihr Auge gelangen, sollten Sie es sofort gut mit lauwarmem Wasser oder Kochsalzl\u00f6sung (Natriumchlorid) sp\u00fclen. Achten Sie darauf, dass nichts in Ihr Auge kommt, bis das Gef\u00fchl zur\u00fcckgekehrt ist.\nEMLA sollte nicht an einem gesch\u00e4digten Trommelfell angewendet werden.\nWenn Sie EMLA vor Impfungen mit Lebendimpfstoffen anwenden (z. B. Tuberkulose-Impfungen), sollten Sie Ihren Arzt oder das medizinische Fachpersonal im vorgegebenen Zeitraum zur \u00dcberpr\u00fcfung des Impfergebnisses noch einmal aufsuchen.\nKinder und Jugendliche\nBei S\u00e4uglingen/Neugeborenen j\u00fcnger als 3 Monate wird bis zu 12 Stunden nach Auftragen von EMLA h\u00e4ufig ein vor\u00fcbergehender, klinisch nicht bedeutender Anstieg der Konzentration des Blutfarbstoffes Meth\u00e4moglobin im Blut beobachtet (\"Meth\u00e4moglobin\u00e4mi\").\nDie Wirksamkeit von EMLA bei der Blutentnahme an der Ferse von Neugeborenen oder hinsichtlich der Gew\u00e4hrleistung einer hinreichenden Analgesie bei einer Zirkumzision konnte in klinischen Studien nicht best\u00e4tigt werden.\nAufgrund unzureichender Daten zur Wirkstoffaufnahme sollte EMLA bei Kindern (unter 12 Jahren) nicht auf der genitalen Haut (z. B. Penis) und der genitalen Schleimhaut (z. B. in der Scheide) angewendet werden.\nEMLA sollte nicht bei Kindern j\u00fcnger als 12 Monate angewendet werden, die gleichzeitig mit anderen Arzneimitteln behandelt werden, die sich auf die Blutkonzentration des Blutfarbstoffes Meth\u00e4moglobin (\"Meth\u00e4moglobin\u00e4mi\") auswirken (z. B. Sulfonamide, siehe auch \"Anwendung von EMLA zusammen mit anderen Arzneimitteln\").\nEMLA sollte nicht bei Fr\u00fchgeborenen angewendet werden.\nPatientenhinweiseVerkehrst\u00fcchtigkeit und F\u00e4higkeit zum Bedienen von Maschinen\nEMLA hat keinen oder einen zu vernachl\u00e4ssigenden Einfluss auf die Verkehrst\u00fcchtigkeit und die F\u00e4higkeit zum Bedienen von Maschinen, wenn es in den empfohlenen Dosierungen angewendet wird.\nEMLA enth\u00e4lt Macrogolglycerolhydroxystearat (Ph.Eur.= Europ\u00e4isches Arzneibuch).\nMacrogolglycerolhydroxystearat (Ph.Eur.) kann Hautreizungen hervorrufen.\nM\u00f6gliche NebenwirkungenWie alle Arzneimittel kann auch dieses Arzneimittel Nebenwirkungen haben, die aber nicht bei jedem auftreten m\u00fcssen. Wenn eine der aufgef\u00fchrten Nebenwirkungen Sie beeintr\u00e4chtigt oder Sie den Eindruck haben, dass sie nicht weggehen, wenden Sie sich bitte an Ihre \u00c4rztin, Ihren Arzt oder Apotheker.\nWie alle Arzneimittel kann auch dieses Arzneimittel Nebenwirkungen haben, die aber nicht bei jedem auftreten m\u00fcssen. Wenn eine der aufgef\u00fchrten Nebenwirkungen Sie beeintr\u00e4chtigt oder Sie den Eindruck haben, dass sie nicht weggehen, wenden Sie sich bitte an Ihre \u00c4rztin, Ihren Arzt oder Apotheker.\nInformieren Sie Ihre \u00c4rztin Ihren Arzt \u00fcber alles Weitere, was dazu f\u00fchrt, dass Sie sich unwohl f\u00fchlen, w\u00e4hrend Sie EMLA anwenden.\nEine leichte Reaktion (Bl\u00e4sse oder R\u00f6tung der Haut, leichte Schwellungen, anf\u00e4ngliches Brennen oder Jucken) kann auf der Fl\u00e4che, auf der EMLA angewendet wird, auftreten. Dies sind normale Reaktionen auf die Creme und die An\u00e4sthetika, die nach kurzer Zeit verschwinden, ohne dass Ma\u00dfnahmen n\u00f6tig sind.\nWenn Sie unangenehme oder ungew\u00f6hnliche Wirkungen bemerken, w\u00e4hrend Sie EMLA anwenden, beenden Sie die Anwendung und informieren Sie Ihre \u00c4rztin, Ihren Arzt oder Apotheker so schnell wie m\u00f6glich.\nH\u00e4ufig (kann bis zu 1 von 10 Behandelten betreffen)\nGelegentlich (kann bis zu 1 von 100 Behandelten betreffen)\nSelten (kann bis zu 1 von 1.000 Behandelten betreffen)\nZus\u00e4tzliche Nebenwirkungen bei Kindern\nMeth\u00e4moglobin\u00e4mie, eine St\u00f6rung des Blutes, die h\u00e4ufiger beobachtet wird, oft in Zusammenhang mit einer \u00dcberdosierung bei Neugeborenen und S\u00e4uglingen im Alter von 0 bis 12 Monaten.\nAufbewahrung & HaltbarkeitBewahren Sie dieses Arzneimittel f\u00fcr Kinder unzug\u00e4nglich auf.\nSie d\u00fcrfen dieses Arzneimittel nach dem auf dem Umkarton und der Tube nach \"Verwendbar bis\" angegebenen Verfalldatum nicht mehr verwenden. Das Verfalldatum bezieht sich auf den letzten Tag des angegebenen Monats.\nBei Anwendung auf Beingeschw\u00fcren ist die Creme nur zum Einmalgebrauch vorgesehen. Entsorgen Sie die Tube mit dem restlichen Inhalt nach jeder Behandlung.\nAufbewahrungsbedingungen: Nicht einfrieren.\nEntsorgen Sie Arzneimittel nicht im Abwasser oder Haushaltsabfall. Fragen Sie Ihren Apotheker, wie das Arzneimittel zu entsorgen ist, wenn Sie es nicht mehr verwenden. Sie tragen damit zum Schutz der Umwelt bei.\nPflichttextAnwendungsgebiete: Oberfl\u00e4chenan\u00e4sthesie der Haut bei Erwachsenen sowie bei Kindern und Jugendlichen im Zusammenhang mit: a) der Einf\u00fchrung von Nadeln, z. B. von i.v.-Kathetern oder bei Blutentnahmen; b) chirurgischen Eingriffen an der Hautoberfl\u00e4che. EMLA Creme zus\u00e4tzlich: Oberfl\u00e4chenan\u00e4sthesie der enitalen Schleimhaut, z. B. vor chirurgischen Eingriffen an der Hautoberfl\u00e4che oder vor einer Infiltrationsan\u00e4sthesie; bei Erwachsenen und Jugendlichen - 12 Jahren. Oberfl\u00e4chenan\u00e4sthesie von Bein-Ulcera zur Erleichterung der mechanischen Wundreinigung/Debridement nur bei Erwachsenen. Warnhinweise: Enth\u00e4lt Macrogolglycerohydroxystearat (Ph.Eur.). Apothekenpflichtig. Stand: November 2017.\nH\u00e4ufig gestellte FragenKundenfrage: Lindert EMLA wirklich den Schmerz?\nAntwort unserer Pharmazeuten: In einer Beobachtungsstudie wurde nachgewiesen, dass EMLA Creme die Schmerzen im Vergleich zur Kontrollgruppe deutlich lindern konnte.1\nKundenanfrage: Welche Wirkstoffe beinhaltet EMLA?\nAntwort unserer Pharmazeuten: EMLA besteht aus der Wirkstoffkombination Lidocain und Priolocain.2\nDie beiden Wirkstoffe blockieren die Schmerzreizleitung f\u00fcr eine gewisse Zeitspanne. Somit wird das Schmerzempfinden herabgesetzt.\n1 Gwetu, Use of EMLA cream as a topical anaestetic before venepuncture procedures in field surveys; SAMJ, July 2015, Vol 105 No 7\n2 Fachinformation EMLA Pflaster, Stand: November 2017\nHersteller:\nAspen Germany GmbH Montgelasstr. D. 81679, M\u00fcnchen\nBewertungen lesen, schreiben und diskutieren...\n[mehr](#)\nBewertungen und Erfahrungen zu \"Emla Creme + 2 Tegaderm Pflaster 5 G Creme\". Das meinen unsere Kunden zu diesem Produkt:\nBewertung schreiben\nBewertungen werden nach \u00dcberpr\u00fcfung freigeschaltet\nCookie-Einstellungen\nHier k\u00f6nnen Sie Ihre pers\u00f6nlichen Einstellungen vornehmen. F\u00fcr ein bestm\u00f6gliches Einkaufserlebnis empfehlen wir Ihnen, alle Cookies zuzulassen.\nKonfiguration\nTechnisch erforderlich\nDiese Cookies sind f\u00fcr die Grundfunktionen des Shops notwendig.\nKomfortfunktionen\nDiese Cookies werden genutzt um das Einkaufserlebnis noch ansprechender zu gestalten, beispielsweise f\u00fcr die Wiedererkennung des Besuchers.\nStatistik & Tracking\nDiese Cookies erfassen anonymisierte Informationen f\u00fcr Statistiken und Analysen.\nService-Dienstleister\nAuf unserer Website werden externe Dienstleister eingebunden, die Ihren Service eigenverantwortlich erbringen.\nZuletzt angesehen", "language": null, "image": "https://property.volksversand.de/media/image/3c/18/97/10230851-emla_creme___2_tegaderm_pflaster.jpg", "pagetype": "product", "links": ["https://volksversand.de/", "/ratgeber/", "/faq", "https://volksversand.de/kontaktformular", "https://volksversand.de/volksversand-bonuspunkte", "https://volksversand.de/datenschutz", "https://volksversand.de/rueckrufservice", "https://volksversand.de/versandkosten", "https://volksversand.de/agb", "https://volksversand.de/liefer-und-zahlungsinformationen", "https://volksversand.de/impressum", "https://volksversand.de/widerrufsrecht", "/bonuspunkte", "https://volksversand.de/", "/bewertungen-zertifikate-und-auszeichnungen", "#offcanvas--left", "#show-hide--search", "/bewertungen-zertifikate-und-auszeichnungen", "/arzneimittel/angebote/", "https://volksversand.de/account", "https://volksversand.de/wishlist", "https://volksversand.de/direktbestellung", "https://volksversand.de/checkout/cart", "https://volksversand.de/abnehmen-sport-und-ernaehrung/", "https://volksversand.de/arzneimittel/", "https://volksversand.de/beauty-und-pflege/", "https://volksversand.de/familie-und-baby/", "https://volksversand.de/naturheilmittel-und-homoeopathie/", "https://volksversand.de/tiergesundheit-und-tierbedarf/", "https://volksversand.de/abnehmen-sport-und-ernaehrung/", "https://volksversand.de/abnehmen-sport-und-ernaehrung/diaet-und-abnehmen/", "https://volksversand.de/abnehmen-sport-und-ernaehrung/fitness-und-sportzubehoer/", "https://volksversand.de/abnehmen-sport-und-ernaehrung/gesunde-ernaehrung/", "https://volksversand.de/abnehmen-sport-und-ernaehrung/sportnahrung/", "https://volksversand.de/abnehmen-sport-und-ernaehrung/vegane-nahrungsergaenzung/", "https://volksversand.de/abnehmen-sport-und-ernaehrung/", "https://volksversand.de/arzneimittel/", "https://volksversand.de/arzneimittel/angebote/", "https://volksversand.de/arzneimittel/neu-im-sortiment/", "https://volksversand.de/arzneimittel/gratis-beigaben/", "https://volksversand.de/arzneimittel/allergie-und-heuschnupfen/", "https://volksversand.de/arzneimittel/augen-nase-und-ohren/", "https://volksversand.de/arzneimittel/beruhigung-schlaf-und-wohlbefinden/", "https://volksversand.de/arzneimittel/erkaeltung-und-grippe/", "https://volksversand.de/arzneimittel/haut-haare-und-naegel/", "https://volksversand.de/arzneimittel/knochen-gelenke-und-muskeln/", "https://volksversand.de/arzneimittel/magen-und-darm/", "https://volksversand.de/arzneimittel/reiseapotheke/", "https://volksversand.de/arzneimittel/schmerzmittel/", "https://volksversand.de/arzneimittel/vitamine-und-mineralien/", "https://volksversand.de/arzneimittel/", "https://volksversand.de/beauty-und-pflege/", "https://volksversand.de/beauty-und-pflege/baden-und-duschen/", "https://volksversand.de/beauty-und-pflege/bodylotion-und-koerperpflege/", "https://volksversand.de/beauty-und-pflege/fusscreme/", "https://volksversand.de/beauty-und-pflege/gesichtspflege/", "https://volksversand.de/beauty-und-pflege/haarpflege/", "https://volksversand.de/beauty-und-pflege/handcreme/", "https://volksversand.de/beauty-und-pflege/maennerpflege/", "https://volksversand.de/beauty-und-pflege/narbenpflege/", "https://volksversand.de/beauty-und-pflege/naturkosmetik/", "https://volksversand.de/beauty-und-pflege/sonnenschutz/", "https://volksversand.de/beauty-und-pflege/vegane-kosmetik/", "https://volksversand.de/beauty-und-pflege/wirkstoffe/", "https://volksversand.de/beauty-und-pflege/geschenkideen/", "https://volksversand.de/beauty-und-pflege/sale/", "https://volksversand.de/beauty-und-pflege/", "https://volksversand.de/familie-und-baby/", "https://volksversand.de/familie-und-baby/babynahrung/", "https://volksversand.de/familie-und-baby/fuer-ihn/", "https://volksversand.de/familie-und-baby/fuer-senioren/", "https://volksversand.de/familie-und-baby/fuer-sie/", "https://volksversand.de/familie-und-baby/gesundheit/", "https://volksversand.de/familie-und-baby/haeusliche-pflege-und-hilfsmittel/", "https://volksversand.de/familie-und-baby/hygiene-und-infektionsschutz/", "https://volksversand.de/familie-und-baby/kinderpflaster/", "https://volksversand.de/familie-und-baby/kinderreiseapotheke/", "https://volksversand.de/familie-und-baby/kinder-und-babypflege/", "https://volksversand.de/familie-und-baby/kinderwunsch/", "https://volksversand.de/familie-und-baby/mueckenschutz-und-mueckenstiche/", "https://volksversand.de/familie-und-baby/schwangerschaft/", "https://volksversand.de/familie-und-baby/stillzeit/", "https://volksversand.de/familie-und-baby/verhuetung/", "https://volksversand.de/familie-und-baby/windeln/", "https://volksversand.de/familie-und-baby/zahnen-zahnpflege/", "https://volksversand.de/familie-und-baby/sale/", "https://volksversand.de/familie-und-baby/", "https://volksversand.de/naturheilmittel-und-homoeopathie/", "https://volksversand.de/naturheilmittel-und-homoeopathie/allgemeine-homoeopathie/", "https://volksversand.de/naturheilmittel-und-homoeopathie/anthroposophie/", "https://volksversand.de/naturheilmittel-und-homoeopathie/anwendungsgebiete/", "https://volksversand.de/naturheilmittel-und-homoeopathie/aetherische-oele/", "https://volksversand.de/naturheilmittel-und-homoeopathie/bachblueten/", "https://volksversand.de/naturheilmittel-und-homoeopathie/einzelmittel/", "https://volksversand.de/naturheilmittel-und-homoeopathie/heilerde/", "https://volksversand.de/naturheilmittel-und-homoeopathie/komplexmittel/", "https://volksversand.de/naturheilmittel-und-homoeopathie/schuessler-salze/", "https://volksversand.de/naturheilmittel-und-homoeopathie/weitere-naturheilmittel/", "https://volksversand.de/naturheilmittel-und-homoeopathie/", "https://volksversand.de/tiergesundheit-und-tierbedarf/", "https://volksversand.de/tiergesundheit-und-tierbedarf/hunde/", "https://volksversand.de/tiergesundheit-und-tierbedarf/katzen/", "https://volksversand.de/tiergesundheit-und-tierbedarf/pferde/", "https://volksversand.de/tiergesundheit-und-tierbedarf/weitere-produkte/", "https://volksversand.de/tiergesundheit-und-tierbedarf/", "https://volksversand.de/", "https://volksversand.de/arzneimittel/", "https://volksversand.de/arzneimittel/hausapotheke/", "https://volksversand.de/arzneimittel/hausapotheke/wundheilung/", "https://volksversand.de/arzneimittel/hausapotheke/wundheilung/pflaster/", "#close-categories-menu", "https://volksversand.de/", "https://volksversand.de/", "https://volksversand.de/abnehmen-sport-und-ernaehrung/", "https://volksversand.de/arzneimittel/", "https://volksversand.de/arzneimittel/angebote/", "https://volksversand.de/arzneimittel/neu-im-sortiment/", "https://volksversand.de/arzneimittel/gratis-beigaben/", "https://volksversand.de/arzneimittel/allergie-und-heuschnupfen/", "https://volksversand.de/arzneimittel/augen-nase-und-ohren/", "https://volksversand.de/arzneimittel/beruhigung-schlaf-und-wohlbefinden/", "https://volksversand.de/arzneimittel/blase-nieren-und-prostata/", "https://volksversand.de/arzneimittel/diabetes/", "https://volksversand.de/arzneimittel/erkaeltung-und-grippe/", "https://volksversand.de/arzneimittel/gedaechtnis/", "https://volksversand.de/arzneimittel/gefaesse-und-venen/", "https://volksversand.de/arzneimittel/hausapotheke/", "https://volksversand.de/arzneimittel/hausapotheke/gesunde-fuesse/", "https://volksversand.de/arzneimittel/hausapotheke/halskrause/", "https://volksversand.de/arzneimittel/hausapotheke/verbandskasten-und-erste-hilfe-set/", "https://volksversand.de/arzneimittel/hausapotheke/wundheilung/", "https://volksversand.de/arzneimittel/hausapotheke/wundheilung/kompressen-und-mullbinden/", "https://volksversand.de/arzneimittel/hausapotheke/wundheilung/pflaster/", "https://volksversand.de/arzneimittel/hausapotheke/wundheilung/wunddesinfektionsmittel/", "https://volksversand.de/arzneimittel/hausapotheke/wundheilung/weitere-produkte/", "https://volksversand.de/arzneimittel/hausapotheke/weitere-produkte/", "https://volksversand.de/arzneimittel/haut-haare-und-naegel/", "https://volksversand.de/arzneimittel/herz-kreislauf/", "https://volksversand.de/arzneimittel/knochen-gelenke-und-muskeln/", "https://volksversand.de/arzneimittel/leber-und-galle/", "https://volksversand.de/arzneimittel/magen-und-darm/", "https://volksversand.de/arzneimittel/mund-und-zaehne/", "https://volksversand.de/arzneimittel/raucherentwoehnung/", "https://volksversand.de/arzneimittel/reiseapotheke/", "https://volksversand.de/arzneimittel/schmerzmittel/", "https://volksversand.de/arzneimittel/vitamine-und-mineralien/", "https://volksversand.de/beauty-und-pflege/", "https://volksversand.de/familie-und-baby/", "https://volksversand.de/naturheilmittel-und-homoeopathie/", "https://volksversand.de/tiergesundheit-und-tierbedarf/", "https://volksversand.de/marke/", "https://volksversand.de/ratgeber/", "https://volksversand.de/wirkstoffe/", "", "/faq", "https://volksversand.de/kontaktformular", "https://volksversand.de/volksversand-bonuspunkte", "https://volksversand.de/datenschutz", "https://volksversand.de/rueckrufservice", "https://volksversand.de/versandkosten", "https://volksversand.de/agb", "https://volksversand.de/liefer-und-zahlungsinformationen", "https://volksversand.de/impressum", "https://volksversand.de/widerrufsrecht", "/ratgeber/", "https://volksversand.de/rueckrufservice", "https://volksversand.de/versandkosten", "#product--publish-comment", "#content--product-reviews", "https://www.facebook.com/sharer.php?u=https://volksversand.de/arzneimittel/emla-creme-2-tegaderm-pflaster-5-g-creme-pzn-13231250-2934883&p[title]=Emla%20Creme%20%2B%202%20Tegaderm%20Pflaster%205%20G%20Creme", "https://pinterest.com/pin/create/button/?url=https://volksversand.de/arzneimittel/emla-creme-2-tegaderm-pflaster-5-g-creme-pzn-13231250-2934883>&description=Emla%20Creme%20%2B%202%20Tegaderm%20Pflaster%205%20G%20Creme", null, "", "", "#", "#", "https://volksversand.de/emla/", "https://volksversand.de/versandkosten", "/volksversand-bonuspunkte", "#content--custom-crossselling", "#", "https://volksversand.de/beauty-und-pflege/dexeryl-creme-500-g-creme-pzn-07379385-2473387", "https://volksversand.de/beauty-und-pflege/dexeryl-creme-500-g-creme-pzn-07379385-2473387", "https://volksversand.de/arzneimittel/hydrocortison-ratiopharm-0-5-30-g-creme-pzn-09703312-2441962", "https://volksversand.de/arzneimittel/hydrocortison-ratiopharm-0-5-30-g-creme-pzn-09703312-2441962", "https://volksversand.de/artikel/fenistil-kuehl-roll-on-8-ml-pzn-04074946-2076206", "https://volksversand.de/artikel/fenistil-kuehl-roll-on-8-ml-pzn-04074946-2076206", "https://volksversand.de/beauty-und-pflege/zinksalbe-medibond-50-ml-2983724", "https://volksversand.de/beauty-und-pflege/zinksalbe-medibond-50-ml-2983724", "https://volksversand.de/beauty-und-pflege/la-roche-posay-effaclar-duo-lsf30-40-ml-creme-gratis-effaclar-gel-50-ml-pzn-12828709-2976348", "https://volksversand.de/beauty-und-pflege/la-roche-posay-effaclar-duo-lsf30-40-ml-creme-gratis-effaclar-gel-50-ml-pzn-12828709-2976348", "https://volksversand.de/beauty-und-pflege/cerave-porentiefe-reinigung-gel-236-ml-gratis-5-ml-pzn-18168757-3163201", "https://volksversand.de/beauty-und-pflege/cerave-porentiefe-reinigung-gel-236-ml-gratis-5-ml-pzn-18168757-3163201", "https://volksversand.de/familie-und-baby/linola-schutz-balsam-100-ml-gratis-linola-dusch-und-wasch-100-ml-pzn-10339828-3177540", "https://volksversand.de/familie-und-baby/linola-schutz-balsam-100-ml-gratis-linola-dusch-und-wasch-100-ml-pzn-10339828-3177540", "https://volksversand.de/artikel/aloe-vera-gel-200-ml-pzn-03434207-2718740", "https://volksversand.de/artikel/aloe-vera-gel-200-ml-pzn-03434207-2718740", "#content--also-bought", "#", "https://volksversand.de/arzneimittel/ibuprofen-medibond-400mg-schmerztabletten-50-stueck-pzn-12472371-2909844", "https://volksversand.de/arzneimittel/ibuprofen-medibond-400mg-schmerztabletten-50-stueck-pzn-12472371-2909844", "https://volksversand.de/arzneimittel/nasenspray-ratiopharm-erwachsene-2-x-15-ml-pzn-00999848-2277838", "https://volksversand.de/arzneimittel/nasenspray-ratiopharm-erwachsene-2-x-15-ml-pzn-00999848-2277838", "https://volksversand.de/arzneimittel/bepanthen-wund-und-heilsalbe-100-g-pzn-01578847-2054047", "https://volksversand.de/arzneimittel/bepanthen-wund-und-heilsalbe-100-g-pzn-01578847-2054047", "https://volksversand.de/arzneimittel/paracetamol-medibond-500mg-schmerztabletten-20-stueck-pzn-13720440-2910792", "https://volksversand.de/arzneimittel/paracetamol-medibond-500mg-schmerztabletten-20-stueck-pzn-13720440-2910792", "https://volksversand.de/arzneimittel/nasenspray-ratiopharm-kinder-konservierungsmittelfrei-10-ml-pzn-00999854-2010650", "https://volksversand.de/arzneimittel/nasenspray-ratiopharm-kinder-konservierungsmittelfrei-10-ml-pzn-00999854-2010650", "https://volksversand.de/arzneimittel/paracetamol-ratiopharm-500-mg-20-tabletten-pzn-01126111-2061810", "https://volksversand.de/arzneimittel/paracetamol-ratiopharm-500-mg-20-tabletten-pzn-01126111-2061810", "https://volksversand.de/arzneimittel/bepanthen-antiseptische-wundcreme-20-g-pzn-01987824-2050185", "https://volksversand.de/arzneimittel/bepanthen-antiseptische-wundcreme-20-g-pzn-01987824-2050185", "https://volksversand.de/arzneimittel/octenisept-wund-desinfektion-50-ml-spray-pzn-07463832-2054062", "https://volksversand.de/arzneimittel/octenisept-wund-desinfektion-50-ml-spray-pzn-07463832-2054062", "https://volksversand.de/arzneimittel/aspirin-complex-20-beutel-granulat-pzn-04114918-2080356", "https://volksversand.de/arzneimittel/aspirin-complex-20-beutel-granulat-pzn-04114918-2080356", "https://volksversand.de/arzneimittel/wick-medinait-erkaeltungssirup-fuer-die-nacht-180-ml-pzn-01689009-2077873", "https://volksversand.de/arzneimittel/wick-medinait-erkaeltungssirup-fuer-die-nacht-180-ml-pzn-01689009-2077873", "https://volksversand.de/arzneimittel/nasenduo-nasenspray-2-x-10-ml-pzn-12521543-2911972", "https://volksversand.de/arzneimittel/nasenduo-nasenspray-2-x-10-ml-pzn-12521543-2911972", "https://volksversand.de/arzneimittel/grippostad-c-24-kapseln-pzn-00571748-2055572", "https://volksversand.de/arzneimittel/grippostad-c-24-kapseln-pzn-00571748-2055572", "https://volksversand.de/arzneimittel/olynth-0-05-fuer-kinder-10-ml-nasendosierspray-pzn-02372668-2053510", "https://volksversand.de/arzneimittel/olynth-0-05-fuer-kinder-10-ml-nasendosierspray-pzn-02372668-2053510", "https://volksversand.de/arzneimittel/thomapyrin-classic-2-x-20-tabletten-pzn-03046735-2100808", "https://volksversand.de/arzneimittel/thomapyrin-classic-2-x-20-tabletten-pzn-03046735-2100808", "https://volksversand.de/nahrungsergaenzungsmittel/wick-zzzquil-gute-nacht-60-weichgummis-pzn-16894643-3040136", "https://volksversand.de/nahrungsergaenzungsmittel/wick-zzzquil-gute-nacht-60-weichgummis-pzn-16894643-3040136", "https://volksversand.de/artikel/hansaplast-classic-pflaster-1-m-x-6-cm-pzn-16744903-3030186", "https://volksversand.de/artikel/hansaplast-classic-pflaster-1-m-x-6-cm-pzn-16744903-3030186", "#", "#", "#", "#", "#", "#", "#", "#", "#", "mailto:info@volksversand.de", "/arzneimittel/angebote/", "https://volksversand.de/arzneimittel/angebote/", "https://volksversand.de/arzneimittel/neu-im-sortiment/", "/arzneimittel/", "https://volksversand.de/arzneimittel/erkaeltung-und-grippe/", "https://volksversand.de/arzneimittel/knochen-gelenke-und-muskeln/", "/arzneimittel/hausapotheke/", "https://volksversand.de/arzneimittel/hausapotheke/", "https://volksversand.de/arzneimittel/reiseapotheke/", "/arzneimittel/magen-und-darm/", "https://volksversand.de/arzneimittel/magen-und-darm/abfuehrmittel/", "https://volksversand.de/arzneimittel/magen-und-darm/durchfall/", "/arzneimittel/herz-kreislauf/", "https://volksversand.de/arzneimittel/gedaechtnis/", "https://volksversand.de/arzneimittel/gefaesse-und-venen/", "/naturheilmittel-und-homoeopathie/", "https://volksversand.de/naturheilmittel-und-homoeopathie/bachblueten/", "https://volksversand.de/naturheilmittel-und-homoeopathie/schuessler-salze/", "/beauty-und-pflege/", "https://volksversand.de/beauty-und-pflege/gesichtspflege/anti-aging/", "https://volksversand.de/beauty-und-pflege/gesichtspflege/empfindliche-haut/", "/tiergesundheit-und-tierbedarf/", "https://volksversand.de/tiergesundheit-und-tierbedarf/hunde/", "https://volksversand.de/tiergesundheit-und-tierbedarf/katzen/", "https://www.facebook.com/Volksversand-Versandapotheke-318812651653406", "https://instagram.com/volksversandversandapotheke/", "https://www.pinterest.de/volksversandversandapotheke/", "https://apps.apple.com/de/app/volksversand/id1069713065?mt=8", "https://play.google.com/store/apps/details?id=de.dupp.volkversand&hl=de", "/faq", "/gutscheine", "https://volksversand.de/versandkosten", "https://volksversand.de/liefer-und-zahlungsinformationen", "https://volksversand.de/widerrufsrecht", "javascript:openCookieConsentManager()", "https://volksversand.de/kontaktformular", "https://volksversand.de/rueckrufservice", "https://volksversand.de/kataloganforderung", "/ratgeber/", "/wechselwirkungscheck", "https://volksversand.de/bonuspunkte", "https://volksversand.de/datenschutz", "https://volksversand.de/agb", "https://volksversand.de/impressum", "/ueber-uns", "https://volksversand.de/job-angebote", "/partnerprogramm", "https://volksversand.de/datenschutz", "https://prehledy.sukl.cz/prehledy.html#/lekarny/54346000000?verify=true&referrer=https%3A%2F%2Fwww.volksversand.de%2F", "https://prehledy.sukl.cz/prehledy.html#/lekarny/54346000000?verify=true&referrer=https%3A%2F%2Fwww.volksversand.de%2F", "http://www.uskvbl.cz/en/inspections/lekarny/seznamy/detail?Id=54346000000", "https://prehledy.sukl.cz/prehledy.html#/lekarny/54346000000?verify=true&referrer=https%3A%2F%2Fwww.volksversand.de%2F", "http://www.uskvbl.cz/en/inspections/lekarny/seznamy/detail?Id=54346000000", "/bewertungen-zertifikate-und-auszeichnungen", "/bewertungen-zertifikate-und-auszeichnungen", "/bewertungen-zertifikate-und-auszeichnungen", "/bewertungen-zertifikate-und-auszeichnungen", "/bewertungen-zertifikate-und-auszeichnungen", "https://volksversand.de/datenschutz", "https://volksversand.de/agb", "https://volksversand.de/impressum", "/datenschutz", "/impressum", "#", "javascript:openCookieConsentManager()", "#", "#"]}