{"title": "Startseite", "author": null, "url": "https://www.apotheke-leipzig.de/", "hostname": "apotheke-leipzig.de", "description": "Herzlich willkommen in Ihrer Apotheke im Hauptbahnhof. Wir sind immer gerne pers\u00f6nlich f\u00fcr Sie da, wenn Sie Fragen zur Gesundheit haben.", "sitename": "APOTHEKE IM HAUPTBAHNHOF LEIPZIG", "date": "2018-11-01", "id": null, "license": null, "body": null, "comments": "", "commentsbody": null, "raw_text": null, "text": "Mit diesen Tipps k\u00f6nnen Sie die l\u00e4stigen Symptome einer Erk\u00e4ltung lindern und kommen gut durch den Tag.\n[mehr lesen](https://www.apotheke-leipzig.de/medizin/erkaeltung-ansteckung/)\n400 mg elac Filmtabletten 1)\nDysmenorrhoe, prim\u00e4re Leichte bis m\u00e4\u00dfig starke Schmerzen Fieber\nPZN 11038193\nstatt 4,75 2)\n20 ST\n1,95\u20ac\nSchmerzgel forte 23,2 mg/g 1)\nSchmerzstillendes und entz\u00fcndungshemmendes Arzneimittel.\nPZN 11240397\nstatt 33,37 2)\n180 G (110,83\u20ac pro 1kg)\n19,95\u20ac\nLIPPENCREME\nLippencreme mit Oliven\u00f6l und Sheabutter zur Pflege von trockenen, rissigen Lippen.\nPZN 18664545\nstatt 4,98 3)\n10 ML (298,00\u20ac pro 1l)\n2,98\u20ac\nHydro med Green Augentro.Einzeldos.Amp.\nAugentropfen zur Pflege juckender und trockener Augen bei Belastung durch Pollen, Staub und Tierhaaren.\nPZN 18365038\nstatt 14,28 3)\n20X0.35 ML (0,00\u20ac pro 1l)\n8,98\u20ac\n0,1% Dosierspray o.K. f.Erw.+Kinder ab 12J 1)\nBefreit die Nase bereits nach 2 Minuten. Wirkt schnell und langanhaltend. Entwickelt f\u00fcr eine komfortablere Anwendung.\nPZN 8444541\nstatt 5,95 2)\n10 ML (295,00\u20ac pro 1l)\n2,95\u20ac\nDragees magensaftresistente Tabletten 1)\nBei Verstopfungen und zur Erleichterung der Darmentleerung.\nPZN 8472922\nstatt 7,75 2)\n20 ST\n3,95\u20ac\nAnti-Age Elasticity+Filler Nachtcreme\nAnti-Age Nachtpflege f\u00fcr reife Haut. Verbessert die Elastizit\u00e4t und mildert tiefe Falten.\nPZN 11652964\nstatt 32,98 3)\n50 ML (499,60\u20ac pro 1l)\n24,98\u20ac\nErk\u00e4ltungssalbe 1)\nZur Verbesserung des Befindes bei Erk\u00e4ltungskrankheiten der Luftwege.\nPZN 13725897\nstatt 11,83 2)\n50 G (139,00\u20ac pro 1kg)\n6,95\u20ac\nKollagen 11.000 Plus system Ampullen\nEnth\u00e4lt Vitamine und Spurenelemente, die zur Gesundheit des Bewegungsapparates und zum Zellschutz beitragen.\nPZN 7625039\nstatt 38,98 3)\n30X25 ML (46,60\u20ac pro 1l)\n34,95\u20ac\nBenzydamin akute Halsschmerzen Spray 1)\nWird angewendet bei Erwachsenen und Kindern ab 6 Jahren zur symptomatischen, lokalen Behandlung von akuten Halsschmerzen, die mit den typischen Entz\u00fcndungssymptomen wie Schmerzen, R\u00f6tung oder Schwellung im Mund- und Rachenraum einhergehen.\nPZN 12607316\nstatt 15,95 2)\n30 ML (265,00\u20ac pro 1l)\n7,95\u20ac\n1.000 I.E. Vitamin D3 Tabletten 1)\nZur Vorbeugung gegen Rachitis, Osteomalazie & bei Vitamin-D-Mangel sowie Osteoporose. Mit Vitamin D3.\nPZN 13155684\nstatt 8,98 2)\n100 ST\n7,45\u20ac\nTabletten\nMit Vitaminen, Mineralstoffen und 3 Bakterienkulturen Tri-Bion\u00ae.\nPZN 11587178\nstatt 18,88 3)\n30 ST\n15,98\u20ac\nVapoRub Erk\u00e4ltungssalbe\nZur Besserung des Befindens bei Erk\u00e4ltungsbeschwerden der Atemwege.\nPZN 358693\nstatt 14,88 3)\n50 G (239,60\u20ac pro 1kg)\n11,98\u20ac\nZzzQuil Gute Nacht Mango & Banane\nMelatonin tr\u00e4gt dazu bei, die Einschlafzeit zu verk\u00fcrzen. Bei Bedarf 30 Minuten vor dem Schlafengehen 1 Weichgummi im Mund zergehen lassen.\nPZN 18137478\nstatt 22,88 3)\n60 ST\n19,95\u20ac\nPOS magensaftresistente Tabletten 1)\nArzneimittel zur Zufuhr von Zink bei Zinkmangel.\nPZN 6340895\nstatt 13,65 2)\n50 ST\nDUAL intense Augentropfen\nBei chronisch trockenen Augen mit entz\u00fcndlicher Symptomatik.\nPZN 13833434\nstatt 20,88 3)\n10 ML (1695,00\u20ac pro 1l)\n16,95\u20ac\nC Hartkapseln 1)\nZur symptomatischen Behandlung von Beschwerden im Rahmen einer einfachen Erk\u00e4ltungskrankheit.\nPZN 571748\nstatt 16,65 2)\n24 ST\n11,95\u20ac\n500 mg Tabletten 1)\nBei leichten bis m\u00e4\u00dfig starken Schmerzen, Fieber.\nPZN 1126111\nstatt 3,70 2)\n20 ST\n2,65\u20ac\nB-KOMPLEX-ratiopharm Kapseln\nNahrungserg\u00e4nzungsmittel mit allen Vitaminen des B-Komplexes.\nPZN 4132750\nstatt 21,95 3)\n60 ST\n14,98\u20ac\n120 mg Filmtabletten 1)\nPflanzliches Arzneimittel bei geistigen Leistungsst\u00f6rungen und Durchblutungsst\u00f6rungen.\nPZN 6680881\nstatt 91,05 2)\n120 ST\n54,95\u20ac\nAugen plus Sehkraft+Schutz system Kaps.\nMit Vitaminen und Spurenelementen.\nPZN 6560987\nstatt 36,95 3)\n120 ST\n32,98\u20ac\nGelenk-Tabletten\nOrthomolekulare Mikron\u00e4hrstoff-Medizin f\u00fcr die Gelenks-Gesundheit, Beweglichkeit und Mobilit\u00e4t.\nPZN 3100133\nstatt 26,75 3)\n60 ST\n23,88\u20ac\nOmega-3 1.000 mg Kapseln\nBlutfettwerte - vor allen Dingen LDL-Cholesterin sowie Triglyzeride - werden durch die Omega-3-Fetts\u00e4uren deutlich gesenkt.\nPZN 2098782\nstatt 28,75 3)\n180 ST\n26,98\u20ac\nforte magensaftresistente Weichkapseln 1)\nBei Sinusitis und Bronchitis mit Husten, Schnupfen, Druckkopfschmerz.\nPZN 1479157\nstatt 12,95 2)\n20 ST\nHalspastillen zuckerfrei\nWohltuend bei Reizungen in Hals und Rachen.\nPZN 3991095\nstatt 6,97 3)\n40 ST\n4,98\u20ac\nOriginal Rescura Tropfen alkoholfrei\nDie Original Bach\u00ae-Bl\u00fctenmischung.\nPZN 16391818\nstatt 18,88 3)\n20 ML (799,00\u20ac pro 1l)\n15,98\u20ac\nSeren in den Sorten Sensibio, S\u00e9bium & Hydrabio\nHautberuhigendes und feuchtigkeitspendendes Serum. Wirkt vorzeitiger Hautalterung entgegen.\nPZN 18405246\nstatt 34,90 3)\n30 ML (999,33\u20ac pro 1l)\n29,98\u20ac\nmagensaftresistente Tabletten 1)\nBei Schwellungen und Entz\u00fcndungen als Folge von Verletzungen, Venenentz\u00fcndungen, verschlei\u00dfbedingten Gelenkentz\u00fcndungen.\nPZN 13751831\nstatt 49,27 2)\n100 ST\n44,98\u20ac\nHustenstiller Isl\u00e4ndisch Moos Erwachsene\nHustenstiller ab 10 Jahren geeignet.\nPZN 14447331\nstatt 16,98 3)\n200 ML (69,90\u20ac pro 1l)\n13,98\u20ac\nHyalu B5 Serum-Konzentrat\nF\u00fcr eine sofort straffere, geschmeidigere Haut und einen nat\u00fcrlichen Teint.\nPZN 13864498\nstatt 43,90 3)\n30 ML (1332,67\u20ac pro 1l)\n39,98\u20ac\nLipikar Baume AP+ M\nPflegebalsam mit Sheabutter bei Neurodermitis.\nPZN 16349153\nstatt 25,50 3)\n400 ML (57,45\u20ac pro 1l)\n22,98\u20ac\nS Creme 1)\nDie alternative Behandlungsm\u00f6glichkeit bei allen Verletzungen und Beeintr\u00e4chtigung des St\u00fctz- und Bewegungsapparates - auch f\u00fcr Kinder. Bei Verstauchungen, Entz\u00fcndungen, Prellungen, Bluterg\u00fcssen und den typischen \"blauen Fleck\".\nPZN 1292358\nstatt 17,55 2)\n100 G (149,50\u20ac pro 1kg)\n14,95\u20ac\nTabletten 1)\nWirkt entspannend bei Unruhe und Schlafst\u00f6rungen. Kann problemlos in Kombination mit anderen Medikamenten eingenommen werden. Erzeugt am Tag keine M\u00fcdigkeit.\nPZN 4115272\nstatt 26,35 2)\n100 ST\n23,95\u20ac\nHustenliquid im Portionsbeutel 1)\nHustensaft in Einzelportionen. Praktisch f\u00fcr unterwegs. Dreifach gegen Husten mit frischem Geschmack: L\u00f6st den Husten, l\u00f6st den Schleim, lindert den Hustenreiz.\nPZN 3330867\nstatt 9,55 2)\n21X5 ML (75,71\u20ac pro 1l)\n7,95\u20ac\nforte 200 mg magensaftres.Weichkapseln 1)\nEntz\u00fcndungshemmendes und schleiml\u00f6sendes Arzneimittel zur Zusatzbehandlung bei Erkrankungen der Atemwege.\nPZN 13816944\nstatt 9,55 2)\n21 ST\n8,95\u20ac\nMED akut verschiedene Sorten\nZur Linderung von Erk\u00e4ltungs-, Hals- und Stimmbeschwerden.\nPZN 14443735\nstatt 8,98 3)\n20 ST\n7,98\u20ac\nSleep Schlaftabletten stark 1)\nBei Einschlaf- und Durchschlafst\u00f6rungen.\nPZN 2083906\nstatt 12,75 2)\n20 ST\n9,95\u20ac\nParodont-Expert Mundsp\u00fclung\nAntibaktierille Mundsp\u00fclung.\nPZN 18435098\nstatt 7,98 3)\n400 ML (17,45\u20ac pro 1l)\n6,98\u20ac\nParodont-Expert Zahnpasta\nSt\u00e4rkt die Widerstandskraft des Zahnfleischs, sogar gegen Parodontitis.\nPZN 12442269\nstatt 4,98 3)\n75 ML (59,73\u20ac pro 1l)\n4,48\u20ac\nmed CHX 0,2% Sp\u00fclung\nArzneimittel zur Bek\u00e4mpfung bakterieller Entz\u00fcndungen in der Mundh\u00f6hle.\nPZN 6846525\nstatt 14,95 3)\n300 ML (43,27\u20ac pro 1l)\n12,98\u20ac\nZahnpasta Doppelpack\nBek\u00e4mpft die Ursache von Zahnfleischentz\u00fcndungen.\nPZN 12447835\nstatt 6,48 3)\n2X75 ML (39,87\u20ac pro 1l)\n5,98\u20ac\nDermoPure Triple Effect Serum\nMedizinische Hautpflege mit Triple Effect gegen Unreinheiten und Pickelmale.\nPZN 16907110\nstatt 20,98 3)\n40 ML (449,50\u20ac pro 1l)\n17,98\u20ac\nDermoPure Reinigungsgel\nBefreit unreine Haut bei der Gesichtsreinigung von Make-Up und \u00fcbersch\u00fcssigem Talg.\nPZN 13981063\nstatt 20,98 3)\n400 ML (47,45\u20ac pro 1l)\n18,98\u20ac\nforte Erk\u00e4ltungstab. 400 mg/60 mg FTA 1)\nSchnupfen verbunden mit Kopfschmerzen, Fieber und erk\u00e4ltungsbedingten Schmerzen.\nPZN 16758986\nstatt 16,55 2)\n12 ST\n11,95\u20ac\nVERDE 1,5 mg/ml Spray z.Anwen.i.d.Mundh\u00f6hle 1)\nBei Halsentz\u00fcndungen.\nPZN 11104004\nstatt 13,25 2)\n30 ML (365,00\u20ac pro 1l)\nakut 600 mg Hustenl\u00f6ser 1)\nMit dem Wirkstoff Acetylcystein zur Schleiml\u00f6sung und erleichterten Abhusten.\nPZN 11353150\nstatt 9,94 2)\n20 ST\n8,98\u20ac\nEinfach diese Abbildung auf Ihrem Smartphone vorzeigen und 10 % Rabatt auf einen Einkauf ab 10,- \u20ac oder 15 % Rabatt auf einen Einkauf ab 20,- \u20ac bekommen. Gilt nicht f\u00fcr das verschreibungspflichtige Sortiment.\nAktionsartikel, Doppelrabattierungen und Rezeptzuzahlungen sind leider ausgenommen. Gilt nur bei Abholung in der Apotheke.\nZahlen Sie bequem und sicher mit allen g\u00e4ngigen EC oder Kreditkarten.\nSie sparen bares Geld bei Arzneimitteln ohne Rezept!\nZahlen Sie bequem und sicher mit allen g\u00e4ngigen EC oder Kreditkarten.\nSie sparen bares Geld bei Arzneimitteln ohne Rezept!\nTel.:\n[0341 1406080](tel:+49341 1406080)\nFax: 0341 14060850\nE-Mail:\n[info@apotheke-leipzig.de](mailto:info@apotheke-leipzig.de)\nInternet:\n[http://www.apotheke-leipzig.de/](http://www.apotheke-leipzig.de/)\nWilly-Brandt-Platz 5\n04109 Leipzig\nMontag bis Freitag 08:00 bis 21:00 Uhr\nSamstag 08:00 bis 21:00 Uhr\nSonntag 12:00 bis 18:00 Uhr\nAbgabe in haushalts\u00fcblichen Mengen, solange der Vorrat reicht. F\u00fcr Druck-\nund Satzfehler keine Haftung.\n1) Zu Risiken und Nebenwirkungen lesen Sie die Packungsbeilage und fragen Sie Ihren Arzt oder Apotheker.\n2) Angabe nach der deutschen Arzneimitteltaxe Apothekenerstattungspreis (AEP). Der AEP ist keine unverbindliche Preisempfehlung der Hersteller. Der AEP ist ein von den Apotheken in Ansatz gebrachter Preis f\u00fcr rezeptfreie Arzneimittel. Er entspricht in der H\u00f6he dem f\u00fcr Apotheken verbindlichen Abgabepreis, zu dem eine Apotheke in bestimmten F\u00e4llen (z.B. bei Kindern unter 12 Jahren) das Produkt mit der gesetzlichen Krankenversicherung abrechnet. Der AEP ist der allgemeine Erstattungspreis im Falle einer Kosten\u00fcbernahme durch die gesetzlichen Krankenkassen, vor Abzug eines Zwangsrabattes (zur Zeit 5%) nach \u00a7130 Abs. 1 SGB V.\n3) Unverbindliche Preisempfehlung des Herstellers (UVP).", "language": null, "image": "https://www.apotheke-leipzig.de/wp-content/uploads/sites/13/2022/06/logo-gta-leipzig.jpg", "pagetype": "website", "links": ["tel:0341 1406080", "https://www.medi-now.de/apotheken/apotheke-im-hauptbahnhof/10207", "https://www.apotheke-leipzig.de/notdienst/", "https://www.apotheke-leipzig.de/rezeptvorbestellung/", "https://www.apotheke-leipzig.de", "https://www.apotheke-leipzig.de/meine-apotheke/", "https://www.apotheke-leipzig.de/angebote/", "#", "https://www.apotheke-leipzig.de/./aktuelles/", "https://www.apotheke-leipzig.de/./familie/", "https://www.apotheke-leipzig.de/./leben/", "https://www.apotheke-leipzig.de/./beauty/", "https://www.apotheke-leipzig.de/./medizin/", "https://www.medi-now.de/apotheken/apotheke-im-hauptbahnhof/10207", "https://www.apotheke-leipzig.de/medizin/erkaeltung-ansteckung/", "https://www.apotheke-leipzig.de/./medizin/", "https://www.apotheke-leipzig.de/medizin/erkaeltung-ansteckung/", "https://www.apotheke-leipzig.de/./aktuelles/", "https://www.apotheke-leipzig.de/./leben/", "https://www.apotheke-leipzig.de/./familie/", "https://www.apotheke-leipzig.de/./beauty/", "https://www.apotheke-leipzig.de/./medizin/", " https://www.apotheke-leipzig.de/beauty/heilerde-wirkung/ ", "https://www.apotheke-leipzig.de/./beauty/", "https://www.apotheke-leipzig.de/beauty/heilerde-wirkung/", "https://www.apotheke-leipzig.de/beauty/heilerde-wirkung/", " https://www.apotheke-leipzig.de/familie/kopflaeuse/ ", "https://www.apotheke-leipzig.de/./familie/", "https://www.apotheke-leipzig.de/familie/kopflaeuse/", "https://www.apotheke-leipzig.de/familie/kopflaeuse/", " https://www.apotheke-leipzig.de/familie/fluorid-giftig/ ", "https://www.apotheke-leipzig.de/./familie/", "https://www.apotheke-leipzig.de/familie/fluorid-giftig/", "https://www.apotheke-leipzig.de/familie/fluorid-giftig/", " https://www.apotheke-leipzig.de/medizin/salzkonsum-reduzieren-gesundheit-staerken/ ", "https://www.apotheke-leipzig.de/./medizin/", "https://www.apotheke-leipzig.de/medizin/salzkonsum-reduzieren-gesundheit-staerken/", "https://www.apotheke-leipzig.de/medizin/salzkonsum-reduzieren-gesundheit-staerken/", " https://www.apotheke-leipzig.de/beauty/gereizt-geroetete-haut-besaenftigen/ ", "https://www.apotheke-leipzig.de/./beauty/", "https://www.apotheke-leipzig.de/beauty/gereizt-geroetete-haut-besaenftigen/", "https://www.apotheke-leipzig.de/beauty/gereizt-geroetete-haut-besaenftigen/", " https://www.apotheke-leipzig.de/familie/haeusliche-pflege-naturheilmittel/ ", "https://www.apotheke-leipzig.de/./familie/", "https://www.apotheke-leipzig.de/familie/haeusliche-pflege-naturheilmittel/", "https://www.apotheke-leipzig.de/familie/haeusliche-pflege-naturheilmittel/", null, "https://www.apotheke-leipzig.de/page/2/#article-grid", "https://www.apotheke-leipzig.de/#article-grid", "https://www.apotheke-leipzig.de/page/2/#article-grid", "https://www.apotheke-leipzig.de/page/63/#article-grid", "javascript:void(0);", "javascript:void(0);", "javascript:void(0);", "javascript:void(0);", "javascript:void(0);", "javascript:void(0);", "javascript:void(0);", "javascript:void(0);", "javascript:void(0);", "javascript:void(0);", "javascript:void(0);", "javascript:void(0);", "javascript:void(0);", "javascript:void(0);", "javascript:void(0);", "javascript:void(0);", "javascript:void(0);", "javascript:void(0);", "javascript:void(0);", "javascript:void(0);", "javascript:void(0);", "javascript:void(0);", "javascript:void(0);", "javascript:void(0);", "javascript:void(0);", "javascript:void(0);", "javascript:void(0);", "javascript:void(0);", "javascript:void(0);", "javascript:void(0);", "javascript:void(0);", "javascript:void(0);", "javascript:void(0);", "javascript:void(0);", "javascript:void(0);", "javascript:void(0);", "javascript:void(0);", "javascript:void(0);", "javascript:void(0);", "javascript:void(0);", "javascript:void(0);", "javascript:void(0);", "javascript:void(0);", "javascript:void(0);", "javascript:void(0);", "javascript:void(0);", "https://www.apotheke-leipzig.de/angebote/", "https://www.apotheke-leipzig.de/newsletter-anmeldung/", null, null, "tel:+49341 1406080", "mailto:info@apotheke-leipzig.de", "http://www.apotheke-leipzig.de/", "https://www.apotheke-leipzig.de/datenschutzerklaerung/", "http://www.apotheke-nova-eventis.de/", "https://www.medi-now.de/start-apotheken/Apotheke%20im%20Hauptbahnhof", "https://www.facebook.com/apohbfleipzig/", "https://www.instagram.com/gutentagapotheke_hbf_leipzig/", "https://www.youtube.com/watch?v=v95AzPT3zmM", "https://www.apotheke-leipzig.de/impressum/", "https://www.apotheke-leipzig.de/datenschutzerklaerung/", "https://www.apotheke-leipzig.de/kontakt/", "https://www.apotheke-leipzig.de/bildnachweis/", "https://apovena.de", "https://www.apotheke-leipzig.de/newsletter-anmeldung/", "/datenschutzerklaerung/", "#", "#", "/datenschutzerklaerung/"]}