{"title": "PDF", "author": "PDF", "url": "https://www.medicom.de/lebennurbesser/wp-content/uploads/2020/10/ONLINE_KAT_Herbst_Winter_20_web1.pdf", "hostname": "PDF", "description": "PDF", "sitename": "PDF", "date": "PDF", "id": "PDF", "license": "PDF", "body": "PDF", "comments": "PDF", "commentsbody": "PDF", "raw_text": "PDF", "text": "JAHRE  MEDICOM\nMAGAZIN \u2022 PRODUKTSELEKTION#LEBENNURBESSERHerbst/Winter - G\u00fcltig bis 31.12.20BE(E)\nREADY Honigbienen sch\u00fctzen ihren Bienenstock mit Propolis vor Keimen, Pilzen und Erregern. \nAuch f\u00fcr den Menschen ist die einzigartige Substanz wertvoll, da sie das Wohlbefinden auf \nnat\u00fcrliche Weise unterst\u00fctzt.Propolis und Gel\u00e9e Royale - \nDie Kraft der Bienen\nDas steckt in Propolis\nDer harzige Basisstoff wird von Bienen an Baum -\nwunden oder an Bl\u00fctenknospen (vor allem Pap -\npeln) gesammelt. Anschlie\u00dfend vermengen sie \nihn mit Wachs, Pollen, \u00e4therischen \u00d6len und \nihrem Speichelsekret zum fertigen Baustoff. Pro -\npolis liefert Flavonoide, Vitamine und Spurenele -\nmente f\u00fcr das Immunsystem.\nDas von Mythen umrankte Gel\u00e9e Royale ist ein \nenorm n\u00e4hrstoffreiches Gemisch aus Dr\u00fcsen -\nsekreten mit dem die Bienenlarven ern\u00e4hrt \nwerden. Er wird deswegen auch als \u201ek\u00f6nigliches \nSuperfood\u201c bezeichnet. Es wird aus den Dr\u00fcsen \nder Biene produziert. Gele\u00e9 Royale wird auch \nWeiselfuttersaft genannt. In  der Naturmedizin \ngilt es als st\u00e4rkendes Tonikum zur Aktivierung \nder Selbstheilungskr\u00e4fte.\nDas steckt in Gel\u00e9e Royale\nDie N\u00e4hrfl\u00fcssigkeit enth\u00e4lt neben Eiwei\u00df sowie \nAminos\u00e4uren, auch B-Vitamine, Spurenelemen -\nte, Kohlenhydrate, Fette, Hormone, Wasser und \nweitere bisher unentdeckte Stoffe \u2013 eine einzig -\nartige Zusammensetzung. \nViele nutzen Propolis in der herausfordernden \n\u00dcbergangszeit, um ihr Wohlbefinden zu unter -\nst\u00fctzen.Propolis-\nLippenbalsam\nZutaten f\u00fcr Lippenbalsam \nmit Propolis Tinktur:\n\u2022 25 g Mandel\u00f6l bio  \n(oder Ringelblumen-\u00d6lauszug)\n\u2022 25 g Jojoba\u00f6l bio\n\u2022 7 g Bienenwachs bio\n\u2022 3 g Honig bio\n\u2022 15-30 Tropfen Propolis Tinktur  \nvon MEDICOM TERRA \u00ae\n\u2022 Vanilleextrakt (nach Belieben)\n\u00d6le und Bienenwachs in einen Glasbeh\u00e4lter ge -\nben. Im Wasserbad bei sanfter Hitze erw\u00e4rmen, \nbis der Inhalt schmilzt. Sobald eine klare und \nhomogene Fl\u00fcssigkeit entsteht, vom Herd neh -\nmen. Wenn das Gemisch aus Wachs und \u00d6l an -\nf\u00e4ngt einzutr\u00fcben, Honig und Propolis Tinktur \nhinzuf\u00fcgen und untermischen. Wenn Sie Va -\nnille m\u00f6gen, k\u00f6nnen Sie nach dem Ausk\u00fchlen \nnach Belieben Vanilleextrakt hinzugeben. Alles \nnoch einmal gut mischen. Die Balsammasse in \nsaubere Tiegel abf\u00fcllen. Beschriften nicht ver -\ngessen! Der Lippenbalsam ist bei Zimmertem -\nperatur mehrere Monate haltbar . S. 4 S. 5\nWeitere Produktinformationen im Internet unter www.medicom.de\nDas Elixier \nder Bienen\nEine ausgewogene Ern\u00e4hrung hilft uns, fit und gewappnet \nzu sein gegen \u00e4u\u00dfere Einfl\u00fcsse.\nPropolis als Monosubstanz oder erg\u00e4nzt mit anderen \nNaturstoffen wie Gel\u00e9e Royale und Echinacea erhalten  \nSie bei Medicom mit einzigartigen Rezepturen in unter-\nschiedlichen Darreichungsformen: als Kapseln, in fl\u00fcssiger \nForm als Trinkampulle oder f\u00fcr die individuelle Anwendung \nals Tinktur.\nAlle Produkte unter: bit.ly/3iHaGkl\nPropolis Kapseln\nWas bedeutet \"gereinigte Propolis\"? Um 400 \nMilligramm gereinigte Bio Propolis zu erhalten, \nwerden 1.000 Milligramm Rohpropolis ein-\ngesetzt. Aus dieser Angabe geht hervor, dass \nes sich um einen konzentrierten, hochwertigen \nRohstoff handelt. Die Rohpropolis ist die \nGrundmasse, die durch ein Hygieneverfahren \ngereinigt und so von Verunreinigungen und \nunerw\u00fcnschten Bestandteilen befreit wird. \nDie gereinigte Propolis liefert die erw\u00fcnschten \nwertgebenden Inhaltsstoffe, darunter Flavo-\nnoide, Vitamine und Spurenelemente.3 2 12 | Die hochwertige Kombination enth\u00e4lt gereinigte Propo-  \n lis, Gel\u00e9e Royale, Echinacea und Vitamin C im praktischen  \n Trinkformat. \n Nur \u20ac 20,67  | 20 Trinkampullen (1 Pck. = 200 ml, Grundpreis: \u20ac 10,34/100 ml)1 | 400 mg gereinigte Propolis pro Kapsel in Bioqualit\u00e4t \u2013  \n DE-\u00d6KO-003.\n Nur \u20ac 23,07  | 60 Kapseln (1 Pck. = 30 g, Grundpreis: \u20ac 76,90/100 g)\n3 | 25 % gereinigte Propolis als wasserl\u00f6sliche Tinktur, viel-  \n seitig einsetzbar: zur oralen Einnahme, zum Sp\u00fclen, zum  \n Gurgeln oder zur direkten Anwendung auf der Haut. Ent-  \n h\u00e4lt Alkohol 37,5 Vol.-%.\n Nur \u20ac 17,50  | 30 ml Flasche (1 Pck. = 30 ml, Grundpreis: \u20ac 58,33/100 ml)S. 6 S. 7\nWeitere Produktinformationen im Internet unter www.medicom.de\nDIE WINTER-  \nAPOTHEKE Wichtige Vitamine und Spurenelemente \nzur Unterst\u00fctzung des Immunsystems\u00dcbergangszeit \u2013  \nWappnen Sie sich\nVitamin D:  \nVitamin D ist von zentraler Bedeutung f\u00fcr das \nImmunsystem. Ein niedriger Vitamin-D-Spiegel \nwird mit einer erh\u00f6hten Infektanf\u00e4lligkeit in Ver -\nbindung gebracht.\nZink:\nAuch Zink ist ein wichtiges Antioxidans und \nmehr als ein Immunstoff. Es geh\u00f6rt zu den be -\ndeutendsten Spurenelementen, da es von allen  \nZellen und Organen ben\u00f6tigt wird. Ob Stoff -\nwechselprozesse, S\u00e4ure-Basen-Balance, Hor -\nmon- und Insulinhaushalt, oder ein gutes Im -\nmunsystem: Ohne Zink funktioniert schlichtweg \nnichts. Vitamin C:  \nDas allseits bekannte Antioxidans und Immun -\nvitamin ist wohl Vitamin C. Gerade in der kalten \nnassen Jahreszeit sollte man den K\u00f6rper mit \neiner Extraportion unterst\u00fctzen.  \nSelen:  \nSelen unterst\u00fctzt die Immunkr\u00e4fte bei der  \nAbwehr von Viren und Bakterien und hilft  \ndabei, \u00fcberschie\u00dfende Immunreaktionen zu  \nregulieren. \nEntdecken Sie auf den n\u00e4chsten Seiten die \nbeliebten Medicom Immunprodukte f\u00fcr eine \nstarke Abwehr!\nDer Schlafrhythmus\nWeniger Tageslicht, mehr Schlafbed\u00fcrfnis, mehr \nM\u00fcdigkeit. Im Durchschnitt brauchen wir im \nHerbst und Winter eine Stunde mehr Schlaf. \nDas ist hormonell bedingt. Denn bei Dunkelheit \nbildet der K\u00f6rper das Schlafhormon Melatonin, \ndas daf\u00fcr sorgt, dass unser Gehirn uns auf \nSchlafmodus programmiert. Gehen Sie abends \nfr\u00fcher ins Bett und holen Sie sich den Schlaf, den \nSie brauchen.S. 8 S. 9\nWeitere Produktinformationen im Internet unter www.medicom.de\nHier auf rei\u00dfen\nInhalt: 2,2 g Einnahme ohne  Wasse rFruchtiger Himbeer geschmac kZINK  PLUS \nVITAMIN C Stick s IMMU N\n Vitamin C und Zink tragen zur  \n normalen Funktion des Immun-  \n systems bei\n Vitamin C und Zink tragen zum  \n Schutz der Zellen vor oxidativem  \n Stress bei\nNur \u20ac 7,76\n20 Sticks  \n(1 Pck. = 44 g, Grundpreis: \u20ac 17,64/100 g)\n Vitamin A, Vitamin C, Fols\u00e4ure,  \n Selen, Kupfer und Zink tragen  \n zur normalen Funktion des  \n Immunsystems bei\n Vitamin B 2, B6 und B 12 tragen zur  \n Verminderung von M\u00fcdigkeit und  \n Erm\u00fcdung bei\n Vitamin C, Selen und Zink tragen  \n zum Schutz der Zellen vor  \n oxidativem Stress bei\nNur \u20ac 29,35\n60 Soft-Gel-Kapseln  \n(1 Pck. = 95 g, Grundpreis: \u20ac 30,89/100 g)\n Vitamin C tr\u00e4gt zur normalen  \n Funktion des Immunsystems bei\n Vitamin C tr\u00e4gt zum Schutz der  \n Zellen vor oxidativem Stress bei\n Enth\u00e4lt pro Lutschtablette  \n 250 mg Vitamin C\nNur \u20ac 6,58\n60 Lutschtabletten  \n(1 Pck. = 90 g, Grundpreis: \u20ac 7,31/100 g) \n Vitamin C, B 6, B12 und Fols\u00e4ure  \n tragen zur normalen Funktion des  \n Immunsystems bei\n Vitamin C, E und B 2 tragen zum  \n Schutz der Zellen vor oxidativem  \n Stress bei\n Vitamin B 1, B2, B6, B12 und C,  \n Biotin und Niacin tragen zum  \n normalen Energiestoffwechsel bei\n Enth\u00e4lt 200 mg Sanddornkonzen-  \n trat pro Trinkampulle. Der Sanddorn z\u00e4hlt zu einer der \u00e4ltesten Pflanzen  \n der Erde\n Enth\u00e4lt 100 mg Holunderbeeren-  \n konzentrat pro Trinkampulle\n Enth\u00e4lt 150 mg Echinaceakonzen-  \n trat pro Trinkampulle. Die Vorteile  \n von Echinacea sind in vielen wissen-  \n schaftlichen Studien analysiert und  \n bekr\u00e4ftigt worden\nNur \u20ac 24,37\n20 Trinkampullen  \n(1 Pck. = 200 ml, Grundpreis: \u20ac 12,19/100 ml)Stark in der AbwehrS. 10 S. 11\nWeitere Produktinformationen im Internet unter www.medicom.de Vitamin D 3 tr\u00e4gt zur normalen  \n Funktion des Immunsystems bei\n Vitamin D 3 tr\u00e4gt zur Aufrechter-  \n haltung normaler Knochen und  \n normaler Z\u00e4hne bei Vitamin D 3 tr\u00e4gt zur Aufrechter-  \n haltung eines normalen Calcium-  \n spiegels im Blut bei \n Vitamin D 3 aus Pflanzen als  \n veganes Mundspray\nVitamin D 3 1.000 Spray aus Pflan -\nzen \u2013 vegan, praktisch in der  \nAnwendung, optimale AbsorptionVitamin D 3 1.000 I.E. \u2013 beliebte  \nDarreichung, leicht zu schlucken -\nde Tablette\nVitamin D3 in zwei \nDarreichungs-formen\nNur \u20ac 18,48\n15 ml Mundspray  \n(1 Pck. = 15 ml, Grundpreis: \u20ac 123,20/100 ml)Nur \u20ac 7,12\n60 Tabletten  \n(1 Pck. = 25,2 g, Grundpreis: \u20ac 28,25/100 g) \nAntioxidantien\nNeu!\nF\u00fcr nur\n10,75 \u20ac!\n(1 Pck. = 6 g, Grundpreis: \n \u20ac 179,17 /100 g)\n Selen tr\u00e4gt zur normalen Funktion des  \n Immunsystems bei\n Selen tr\u00e4gt dazu bei, die Zellen vor  \n oxidativem Stress zu sch\u00fctzen In zwei Darreichungen:Wichtige Bausteine f\u00fcr den Organismus: \nSpurenelement Selen und Vitamin D 3\nScannen Sie mit Ihrem Smartphone \nden Code und gelangen Sie direkt \nauf die richtige Seite.S. 12 S. 13\nWeitere Produktinformationen im Internet unter www.medicom.de\n1 | Geballte Pflanzenkraft aus Sanddorn,  \n Echinacea sowie Holunder und wert-  \n volle Vitamine erwarten Sie in fl\u00fcssiger  \n Form. Mit dieser speziellen Kombina-\n tion in der praktischen Trinkampulle  \n sind Sie t\u00e4glich gut versorgt. Mit Vita-  \n min C, B 6, B12 und Fols\u00e4ure ein kom-  \n pakter Boost f\u00fcr das Immunsystem.\n Nur \u20ac 24,3 7\n 20 Trinkampullen \n (1 Pck. = 200 ml, Grundpreis: \u20ac 12,19/100 ml)\n2 | Vitamin C, das wohl bekannteste aller  \n Vitamine, unterst\u00fctzt die normale Funk-  \n tion des Immunsystems und tr\u00e4gt zum \n Schutz der Zellen vor oxidativem Stress \n bei. Oxidativer Stress kann Ihre Zellen  \n sch\u00e4digen und beschleunigt den Alte-   rungsprozess. Der innovative Shot  \n liefert liposomales Vitamin C aus  \n Natriumascorbat f\u00fcr eine optimale Ver-\n f\u00fcgbarkeit und bessere Vertr\u00e4glichkeit. \n Nur \u20ac 17,6 5\n 20 Trinkampullen \n (1 Pck. = 200 ml, Grundpreis: \u20ac 8,83/100 ml)\n3 | Mit den hochwertigen nat\u00fcrlichen  \n Stoffen im Verve e6 Shot unterst\u00fctzen  \n Sie mit Gel\u00e9e Royale Ihr Wohlgef\u00fchl,  \n w\u00e4hrend f\u00fcr den pers\u00f6nlichen Verve  \n (franz\u00f6sisch f\u00fcr Schwung) insbeson-  \n dere die Inhaltsstoffe Guarana, Ginseng  \n und Eleutherococcus sorgen.\n Nur \u20ac 29,15\n 20 Trinkampullen \n (1 Pck. = 220 ml, Grundpreis: \u20ac 13,25/100 ml)\nWecken Sie Ihre  \nAbwehrkr\u00e4fte!\nEs gibt ausreichend Lebensmittel, wohltuende Kr\u00e4uter, Gew\u00fcrze und Pflanzen, die Ihnen \nhelfen, die k\u00f6rpereigenen Abwehrkr\u00e4fte zu st\u00e4rken. Der Organismus dankt es Ihnen. \nSchenken Sie sich t\u00e4glich den gewissen Selbstschutz von innen. Hier finden Sie alles, was \nIhre Abwehrkr\u00e4fte brauchen, um gut gewappnet in die kalte Jahreszeit zu starten.\nAlle Produkte unter: \nbit.ly/2Hbu1w91 2 3S. 14 S. 15\nWeitere Produktinformationen im Internet unter www.medicom.de\n Ubiquinol (QH) ist die bioaktive  \n Q10-Form und steht dem mensch-  \n lichen K\u00f6rper sofort zur Verf\u00fcgung\n Hochwertiges Ubiquinol (QH)  \n in KANEKA-Qualit\u00e4t \n In \u00d6l gel\u00f6st \u2013 optimal verf\u00fcgbar\nNur \u20ac 34,25\n60 Kapseln  \n(1 Pck. = 25,6 g, Grundpreis: \u20ac 133,79/100 g)\n H\u00f6here Dosis Coenzym Q10\n Ideal zur zus\u00e4tzlichen Erg\u00e4nzung  \n eines Multivitalstoff-Pr\u00e4parats\nNur \u20ac 24,64\n60 Kapseln  \n(1 Pck. = 26 g, Grundpreis: \u20ac 94,77/100 g)\n Grundversorgung Coenzym Q10\n Ideal zur zus\u00e4tzlichen Erg\u00e4nzung  \n eines Multivitalstoff-Pr\u00e4parats\nNur \u20ac 11,68\n60 Kapseln  \n(1 Pck. = 21 g, Grundpreis: \u20ac 55,62/100 g)\nDAUERHAFT \nSINNVOLL\n F\u00fcr Energie und Vitalit\u00e4t\n Q10 ist ein essentieller Bestandteil  \n des Energiegewinnungssystems\n Q10 hilft dabei, durch Lebens-  \n mittel aufgenommene N\u00e4hrstoffe  \n in die wichtigste Form k\u00f6rpereige-  \n ner Energie umzuwandeln\n Die Vitamine B 1, B2, B6 und B 12  \n tragen zum normalen Energie-  \n stoffwechsel bei\n Vitamin C tr\u00e4gt zur normalen  \n Funktion des Immunsystems bei Fols\u00e4ure tr\u00e4gt zur normalen  \n Zellteilung und zur normalen  \n Blutbildung bei\n Seit \u00fcber 25 Jahren erfolgreiche  \n Rezeptur in h\u00f6chster Medicom-  \n Qualit\u00e4t\nNur \u20ac 38,28\n60 Kapseln  \n(1 Pck = 101 g, Grundpreis: \u20ac 37,90/100 g)S. 16 S. 17\nIn den Nahrungserg\u00e4nzungsmitteln der MEDICOM TERRA \u00ae-Naturlinie steckt die geballte \nKraft der Natur. Bereits 2016 lancierte Medicom Produkte, die Klassiker und Exoten aus \nder Welt der Naturheilpflanzen enthalten, in modernem Look. In die Entwicklung flie\u00dft \nWissen aus traditionellen, jahrtausendealten Heilpraktiken wie dem Ayurveda oder der \ntraditionellen chinesischen Medizin (TCM).\nNachhaltigkeit ist dabei oberste Pr\u00e4misse: \nDeshalb werden die Produkte fast ausschlie\u00dflich \nin der Schweiz oder in Deutschland hergestellt. \nDie Lieferkette ist transparent. Wann immer \nes m\u00f6glich ist, bietet Medicom die Produkte in \nBioqualit\u00e4t an, ein Gro\u00dfteil ist vegetarisch oder \nsogar vegan.\nMit Pflanzenkraft durch die nasskalte Jahreszeit \nkommen\nF\u00fchlen Sie sich im Winter schneller gestresst, \neher m\u00fcde und antriebslos? Wenn drau\u00dfen \nklirrende K\u00e4lte herrscht, zieht es viele auf das Sofa und unter die Kuscheldecke. Wenn Sie  \nin der dunklen, nasskalten Jahreszeit fit  \nbleiben wollen, dann probieren Sie es mal mit \neiner Heilpflanzenmischung aus dem Ayur-  \nveda und der TCM. Auf den folgenden Seiten \nzeigen wir die beliebtesten Pflanzenstoffe f\u00fcr \ndas Immunsystem, zum Entspannen, Wohlf\u00fchlen \nund Energie tanken.So nat\u00fcrlich geht \nNahrungserg\u00e4nzung: \nMEDICOM TERRA \u00ae\nPFLANZENKRAFT F\u00dcR DAS\nWOHLBEFINDEN\nImmer in Bewegung bleiben\nM\u00fcde und schlapp?! Wer kennt das nicht in \nder \u00dcbergangszeit von Sommer auf Herbst. \nDie Sonne geht abends schneller unter, der Tag \nf\u00e4ngt sp\u00e4ter an, die Temperaturen gehen zur\u00fcck. \nViele freuen sich dar\u00fcber, dass die Sommerhitze \nvorbei ist und f\u00fchlen sich besser. Andere sp\u00fcren \njetzt schon die k\u00f6rperliche Ver\u00e4nderung, die die \n\u00dcbergangszeit mit sich bringt. Auch wenn sich das auf den ersten Blick \nwiderspr\u00fcchlich anh\u00f6rt: Sorgen Sie f\u00fcr \nregelm\u00e4\u00dfige Bewegung und powern Sie sich \naus. Das hat gleich mehrere gute Nebeneffekte. \nSie gewinnen an Schlafqualit\u00e4t, Sie f\u00fchlen sich \ntags\u00fcber fitter und Ihre Stimmung steigt, denn \nSport sch\u00fcttet Gl\u00fcckshormone aus und sorgt f\u00fcr \nmehr Balance zwischen K\u00f6rper und Geist.S. 18 S. 19\nWeitere Produktinformationen im Internet unter www.medicom.de\n 400 mg hochwertiges Reishi-  \n konzentrat (12:1) pro Kapsel\n Aus der traditionellen chinesischen  \n Medizin (TCM)\n Biozertifiziert\nNur \u20ac 20,56\n60 Kapseln  \n(1 Pck. = 30,1 g, Grundpreis: \u20ac 68,31/100 g) Hochwertiger Extrakt aus Ginseng  \n (Panax ginseng)\n Standardisiert auf 80 % Ginsenoside\n 50 mg Ginsengextrakt pro Kapsel  \n entspricht mind. 1.500 mg Panax  \n ginseng \nNur \u20ac 20,02\n60 Kapseln  \n(1 Pck. = 18,5 g, Grundpreis: \u20ac 108,22/100 g)\n Bew\u00e4hrt \u2013 seit Jahrhunderten  \n beliebt im Ayurveda \n Als heilige Pflanze gesch\u00e4tzt im  \n Ayurveda\n Liefert nat\u00fcrlicherweise Vitamin C  \n und Polyphenole\n Antioxidativ \u2013 gegen Freie Radikale \nNur \u20ac 16,59\n60 Kapseln\n(1 Pck. = 35,8 g, Grundpreis: \u20ac 46,34/100 g)\n 500 mg Indisches Basilikum-  \n Extrakt in 2 Kapseln\n Erlesene Bioqualit\u00e4t\n Wohlf\u00fchlpflanze aus dem  \n Ayurveda \u2013 auch Tulsi genannt\nNur \u20ac 22,08\n60 Kapseln  \n(1 Pck. = 18,7 g, Grundpreis: \u20ac 118,07/100 g)\nMehrwertsteuer gesenkt\nDie Bundesregierung hat die Mehrwertsteuer \nbefristet bis zum 31. Dezember 2020 gesenkt. Der \nregul\u00e4re Steuersatz sinkt dabei von 19 Prozent \nauf 16 Prozent, der erm\u00e4\u00dfigte Steuersatz von 7 \nProzent auf 5 Prozent.Die Senkung geht eins zu eins als Schenkung \nan Sie! Medicom bietet Ihnen die hochwertigen \nNahrungserg\u00e4nzungs- und Gesundheitsprodukte \ng\u00fcnstiger an. Profitieren Sie noch bis Ende des \nJahres von den reduzierten Preisen.S. 20 S. 21\nGR\u00dcBLER, ZWEIFLER \nODER TURBO? Stress ist ein weit verbreitetes Ph\u00e4nomen und wird seit Jahren viel diskutiert. Das \nStressempfinden ist allerdings individuell. Psychologen sprechen daher von Stresstypen, \ndie mit potentiellen Stressoren unterschiedlich umgehen.  \"Welcher Stresstyp bin ich?\" \u2013 \ndie Antwort finden Sie hier:Stresstypen: Welcher sind Sie?\nWas Stress ist\nIn bestimmten Situationen sch\u00fcttet der Organis -\nmus vermehrt Adrenalin aus. Dieses Hormon \nstellt viel Energie zur Verf\u00fcgung und sch\u00e4rft die \nSinne. Man wird leistungsf\u00e4higer, denn der Blut -\ndruck steigt, der Atem geht schneller, die Mus -\nkeln spannen sich an, die Herzfrequenz erh\u00f6ht \nsich und die Verdauung arbeitet langsamer. \n1. Der Turbo-Typ  \nBei Stress gibt dieser Typ richtig Gas. Dann arbei -\ntet er besonders hart und schafft viel in kurzer \nZeit. Beim Turbo-Typ befindet sich der Sympa -\nthikus dauerhaft in einem Zustand erh\u00f6hter \nBereitschaft. Im Prinzip lebt dieser Stresstyp so, \nals drohe st\u00e4ndig Gefahr. Das macht ihn oft zu \neinem Leistungstr\u00e4ger, aber auch zu einem Ru -\nhelosen. Es erfolgt zu wenig Entspannung. \n2. Der Crash-Typ\nDer Crash-Typ bildet bei Stress nicht genug Ad -\nrenalin. Deshalb erh\u00e4lt er h\u00e4ufig seine Leistungs -\nf\u00e4higkeit vor allem durch seine Willenskraft auf -\nrecht, ohne dass er k\u00f6rperliche Unterst\u00fctzung \nerh\u00e4lt. Der Crash-Typ ist es gewohnt, nicht auf \nseinen K\u00f6rper zu achten, eben weil er so stark \nmit seinem Willen arbeitet. Er kann oft viele \nDinge gleichzeitig tun und erstaunliches leisten, \naber dann bricht er von einem Moment auf den \nanderen zusammen.3. Der hochsensible Typ  \nDieser Typ ger\u00e4t leicht aus dem Gleichgewicht. \nEr produziert schnell viel Adrenalin, kann aber \ndas Stresshormon manchmal nicht ausgleichen, \nda sich sein Cortisol schnell ersch\u00f6pft. Der hoch -\nsensible Typ ist oft sehr talentiert, nicht selten \nauch besonders kreativ. Und er reagiert ge -\nstresst auf Ereignisse, die andere als deutlich \nweniger belastend empfinden.  \n4. Der Boreout-Typ\nAus Angst davor, Anforderungen nicht gen\u00fcgen \nund Druck nicht standhalten zu k\u00f6nnen, meidet \nder Boreout-Typ Herausforderungen. Er f\u00fcrchtet \nsich vor den Auswirkungen von Stress, mit dem \nErgebnis, dass er auf andere Weise st\u00e4ndig ge -\nstresst ist. Denn Unterforderung macht uns \nebenfalls anf\u00e4llig f\u00fcr Stress. \nZum ausf\u00fchrlichen Artikel: \nbit.ly/3c887VX\n\"Jeden Tag die Welt retten\"\nvon Medicom gratis \nzu jeder Bestellung \n\u00fcber \u20ac 35,-\nS. 22 S. 23\n Magnesium unterst\u00fctzt den  \n normalen Energiestoffwechsel  \n Magnesium und Vitamin B 12 tragen  \n zur Verminderung von M\u00fcdigkeit  \n und Erm\u00fcdung bei\n Vitamin B 12 leistet einen Beitrag  \n zum normalen Energiestoffwechsel\n Shatavari: traditionell angewendet  \n in der ayurvedischen Heilkunde\n Hochwertiger Rhodiola-rosea-Extrakt\nNur \u20ac 20,48 \n(1 Box = 4 Pck.= 63,9 g, Grundpreis: \u20ac 32,05/100 g) M\u00fcdigkeit und Stress gehen Hand in Hand. \nF\u00fcr mehr Flow im Alltag braucht es eine \ngute Balance zwischen Energie und Ruhe. \nEin gesunder Lebensstil, ausreichend Schlaf, \nregelm\u00e4\u00dfige Bewegung und eine ausgewogene \nErn\u00e4hrung sind ein Muss. Dazu geh\u00f6ren \nMineralstoffe und Vitamine wie Magnesium \nf\u00fcr Muskeln und Nerven und Vitamin B 12 \nf\u00fcr den Energiehaushalt. Shatavari aus dem \nindischen Ayurveda und Rhodiola rosea aus \nder sibirischen Volksmedizin sind traditionelle \nHeilpflanzen, die Sie in Ihrem Alltag nat\u00fcrlich \nunterst\u00fctzen. Balance zwischen Ruhe & EnergieDen Tag geniessen Day Relax\nWeitere Produktinformationen im Internet unter www.medicom.de\n Enth\u00e4lt hochwertigen Brahmiextrakt  \n (Bacopa monnieri) \n 250 mg Brahmiextrakt pro Kapsel\n Unter Beachtung strengster  \n Qualit\u00e4tskriterien hergestellt\n Wird seit Langem im Ayurveda als  \n heilige Pflanze gesch\u00e4tzt \nnur \u20ac 23,46\n60 Kapseln\n(1 Pck. = 22,6 g, Grundpreis: \u20ac 103,81/100 g)Mutter Natur hat gegen Stress einiges parat: Bestimmte traditionelle Heilkr\u00e4uter geh\u00f6ren \nzu den sogenannten Adaptogenen, wie Brahmi, Rhodiola rosea, Ashwagandha und Ginseng, \ndie zur Ruhe und Kraft verhelfen k\u00f6nnen. Gegen Stress ist manches \nKraut gewachsen\nAdaptogene: \nDie nat\u00fcrlichen Stresskille r\nBei st\u00e4ndiger Anspannung und Stress produziert \nunser K\u00f6rper vermehrt Cortisol, welches unse -\nre Energievorr\u00e4te aktiviert. F\u00fcr eine kurze Zeit \nist das sinnvoll. Langfristig aber geraten durch \neinen hohen Cortisolspiegel Regulationsprozes -\nse durcheinander. Der K\u00f6rper reagiert dann mit \nBluthochdruck, einer verminderten Immunab -\nwehr, mit Schlafproblemen und \u00dcbergewicht.\nDen ausf\u00fchrlichen Artikel lesen: bit.ly/3mz6XaHS. 24 S. 25\n Magnesium unterst\u00fctzt den  \n normalen Energiestoffwechsel\n Magnesium tr\u00e4gt zur Verminderung  \n von M\u00fcdigkeit und Erm\u00fcdung bei\n Melatonin: hilft, die Einschlafzeit zu  \n verk\u00fcrzen, wenn 1 mg kurz vor dem  \n Schlafengehen eingenommen wird\n Ashwagandha: Klassiker aus dem  \n Ayurveda\nNur \u20ac 16,58\n(1 Box = 3 Pck. = 37,7 g, Grundpreis: \u20ac 43,98/100 g)  Das Leben ist wie ein nat\u00fcrlicher Kreislauf. \nWas sich \u00fcber den Tag aufstaut, kommt in \nden Nachtstunden zum Vorschein. Die ruh-  \nsame Nacht wird unterbrochen. Bei Ein- \nschlafbeschwerden unterst\u00fctzt Sie das k\u00f6r-\npereigene Melatonin. Und damit Sie nichts  \ndem Zufall \u00fcberlassen, sorgt Magnesium f\u00fcr \ngute Nerven. Als pflanzlicher Unterst\u00fctzer \nerg\u00e4nzt Ashwagandha, als Winterkirsche, \nSchlafbeere oder Indischer Ginseng bekannt, \ndieses Set. Genie\u00dfen Sie einen reibungslosen \nKreislauf: energiereich durch den Tag, ent-\nspannt in der Nacht. Den Tag geniessenGut schlafen Night Relax\nWeitere Produktinformationen im Internet unter www.medicom.de\nBALDRIAN-HOPFEN-KAPSELN \nAnwendungsgebiete*: \n Nerv\u00f6s bedingte Einschlafst\u00f6run-  \n gen, Unruhezust\u00e4nde\nNur 6,54 \u20ac\n60 Weichkapseln  \n(Grundpreis: \u20ac 0,11/St.)  \n* Zu Risiken und Nebenwirkungen bitte die Packungsbeilage lesen  \n und einen Arzt oder Apotheker fragen.\nWenn ein Medikament aufgrund von Nebenwirkungen zur\u00fcck-  \ngegeben wird, sind wir rechtlich verpflichtet, diese zu dokumen-  \ntieren und nach dem Grund der R\u00fcckgabe zu fragen.ARZNEIMITTEL\nZur Beruhigung\nAnti-Stress-Tipp\nWer sich permanent gestresst f\u00fchlt, sollte \ngrundlegend etwas in seinem Leben \u00e4n-\ndern. Eine Kombination unterschiedlicher \nVerhaltensweisen kann dabei helfen, lang-  \nfristig Stress abzubauen. Dazu geh\u00f6rt  \neine ausgewogene Ern\u00e4hrung, Entspannungs- \n\u00fcbungen, wohltuende Heilpflanzen, gen\u00fcgend \nSchlaf und regelm\u00e4\u00dfige Bewegung. Wichtig \ndabei ist, auf die eigene Stimme zu h\u00f6ren,  \nund achtsam und f\u00fcrsorglich mit seinem \nK\u00f6rper umzugehen. S. 26 S. 27\nWeitere Produktinformationen im Internet unter www.medicom.de\nIN \nBALANCE Gesundes \nImmunsystem\nDer Darm ist das gr\u00f6\u00dfte Abwehrzentrum des K\u00f6rpers, denn dort befinden sich die \nmeisten Abwehrzellen. Durch Darmbakterien wird das Immunsystem st\u00e4ndig \u201etrainiert\u201c. \nMan spricht deshalb auch vom darmassoziierten Immunsystem. Wenn Sie auf eine aus -\ngeglichene Darmflora achten, st\u00e4rken Sie so gleichzeitig Ihr Immunsystem. \n Drei hochwertige Bakterienkulturen: Bifido-  \n bacterium lactis, Lactobacillus rhamnosus  \n und Bifidobacterium longum - insgesamt  \n 1 Milliarde koloniebildende Einheiten\n Kombiniert mit Vitamin D 3, Selen und Zink  \n f\u00fcr die normale Funktion des Immunsystems\nDemn\u00e4chst \nbei \nMedicom!\nS. 28 S. 29\nWeitere Produktinformationen im Internet unter www.medicom.de1 | V\u00f6llegef\u00fchl oder Bl\u00e4hungen sind unangenehm, pein-  \n lich und beeintr\u00e4chtigen das Wohlbefinden. Aktivkohle  \n unterst\u00fctzt Sie mit den wohltuenden Inhaltsstoffen von  \n Anis und Minze, die seit alters her in der Heilkunde eine  \n Rolle spielen. \n Nur \u20ac 16,48  | 60 Kapseln (1 Pck. = 53,1 g, Grundpreis: \u20ac 31,04/100 g) \n2 | Als wichtiger Bestandteil unserer Ern\u00e4hrung sind Ballast-  \n stoffe schon lange bekannt. Ballaststoffe sind weit-  \n gehend unverdauliche pflanzliche Nahrungsbestand-  \n teile, die in Nahrungsmitteln wie Getreide, Obst, Gem\u00fc-  \n se, H\u00fclsenfr\u00fcchten und Mais vorkommen.\n Nur \u20ac 12,66  | 20 Sticks (1 Pck. = 100 g, Grundpreis: \u20ac 12,66/100 g)\n3 | Tats\u00e4chlich spielt der Darm eine Schl\u00fcsselrolle f\u00fcr das  \n allgemeine Wohlbefinden. Im Verdauungssystem befin-  \n det sich n\u00e4mlich ein Gro\u00dfteil der Abwehrzellen und der  \n Antik\u00f6rper, die tagt\u00e4glich Viren, Bakterien und Pil-  \n ze bek\u00e4mpfen. Au\u00dferdem entscheidet das Gleich-  \n gewicht der Darmflora dar\u00fcber, wie gut die aufge-  \n nommene Nahrung verwertet wird. \n Nur \u20ac 7,86  | 60 Kapseln (1 Pck. = 37,8 g, Grundpreis: \u20ac 20,79/100 g)\n4 | Mariendistel (Silybum marianum) oder volkst\u00fcmlich  \n auch Magendistel wird seit alters her zur Unterst\u00fctzung  \n der K\u00f6rpermitte eingesetzt. Der besonders wertvolle  \n Inhaltsstoff Silymarin steckt dabei vor allem in den  \n Fr\u00fcchten. Silymarin wirkt wie ein nat\u00fcrliches Antioxidans  \n im K\u00f6rper.  \n Nur \u20ac 17,47  | 60 Kapseln (1 Pck. = 29,8 g, Grundpreis: \u20ac 58,62/100 g)\nMagen und Darm\nV\u00f6llegef\u00fchl, Bl\u00e4hbauch, Darmprobleme? Falls Ihnen das bekannt vorkommt, sind Sie  \ndamit nicht allein: Magen-Darmprobleme sind nach Migr\u00e4ne und R\u00fcckenschmerzen \nDeutschlands neue Volkskrankheit. Dar\u00fcber hinaus stehen viele Beschwerden, wie  \nAllergien, st\u00e4ndige Erk\u00e4ltungen und Hautprobleme im Zusammenhang mit einem \nunausgeglichenen Darm. Sie sind gut drauf oder eher meistens nicht? Dann schauen  \nSie auf Ihren Darm. Alle Produkte unter: bit.ly/3c9MyED\n1 2 3 4S. 30 S. 31\nWeitere Produktinformationen im Internet unter www.medicom.de\nBEWEGUNG\n& FITNESS Geht es unseren Gelenken gut, macht Bewegung und Fitness Spa\u00df. Damit das auch so \nbleibt, sollten Sie jeden Tag in Bewegung bleiben. Hocken, Beugen, Dehnen, Laufen, \nSpringen, Wandern \u2026. Was Ihre Knochen, Gelenke und Muskeln dar\u00fcber hinaus ben\u00f6tigen: \neine Extraportion Futter.Auf die Piste, fertig, los\nMagnesium \u2013 Muskel- und\nNervenprofi\nMuskeln st\u00fctzen und halten unsere Gelenke und \nKnochen zusammen. Ohne das Zusammenspiel \nvon Muskelanspannung und -entspannung ist \nBewegung nicht denkbar. Bei jeder Muskelarbeit \nunterst\u00fctzt der Mineralstoff Magnesium Mus -\nkeln und Nerven, sogar der Herzmuskel profi -\ntiert von Magnesium. \nGlucosamin und NAG  \nGlucosamin ist ein Aminozucker, der im mensch -\nlichen K\u00f6rper nat\u00fcrlicherweise vorkommt. Er ist \nBestandteil des Bindegewebes, des Knorpels \nund der Gelenkfl\u00fcssigkeit. NAG (N-Acetyl-Gluco -samin) ist die direkte Glucosamin-Form und der \nVorl\u00e4ufer der Hyalurons\u00e4ure.\nMSM  \nMSM (Methylsulfonylmethan) ist eine organische \nSchwefelverbindung, die unserem K\u00f6rper orga -\nnisch gebundenen Schwefel liefert. Schwefel, ein \nlebenswichtiger Mineralstoff, findet sich in jeder \nK\u00f6rperzelle. Er ist ein Bestandteil vieler k\u00f6rper -\neigener Stoffe, wie Enzyme und schwefelhaltiger \nAminos\u00e4uren. Unter anderem werden schwefel -\nhaltige Aminos\u00e4uren ben\u00f6tigt, um das k\u00f6rperei -\ngene Eiwei\u00df (Protein) aufzubauen. Als Bestand -\nteil von Chondroitinsulfat spielt Schwefel auch \nim Knorpelgewebe eine wichtige Rolle.\n30-Tage-Yoga-\nChallenge 2020 mit \nMady Morrison!\nStarten Sie Ihre 30-Tage-\u201eGo with the Flow\u201c-  \nYoga-Challenge und kommen Sie in den Flow  \nIhres Lebens. Egal, ob Anf\u00e4nger oder Fortge -\nschrittener, Yoga ist f\u00fcr jeden geeignet! \nWerden Sie insgesamt ruhiger, entspannter und \ngelassener.\nHier finden Sie die YouTube-Playlist: \nbit.ly/mmyoga20S. 32 S. 33\nWeitere Produktinformationen im Internet unter www.medicom.de\nBewegung \nim Winter\nWer rastet, der rostet. Damit unser Gelenkapparat pro-\nblemlos wie ein Uhrwerk l\u00e4uft, sollte er so oft wie m\u00f6glich \nin Bewegung sein. Denn Bewegung unterst\u00fctzt und f\u00f6rdert \ndie Produktion der Gelenkfl\u00fcssigkeit, des Puffers zwischen \nden Knorpeln. \nAlle Produkte finden Sie hier: bit.ly/3hBSya1 2 | Auch \u00e4u\u00dferlich wollen beanspruchte Gelenke  \n gepflegt werden. Das Gelenk Aktiv Gel zieht rasch  \n ein und hinterl\u00e4sst ein angenehmes Hautge-  \n f\u00fchl. Entwickelt, um die Beweglichkeit der Gelenke im  \n Fu\u00df, Knie, Schulter, Arm und R\u00fccken z.B. nach  \n k\u00f6rperlichen Belastungen in Freizeit und Sport zu  \n unterst\u00fctzen. Die Rezeptur basiert auf Gr\u00fcnlipp-  \n muschel, Teufelskralle, Provitamin B5 (Panthenol) und  \n k\u00fchlendem Menthol.\n Nur \u20ac 7,90  | 1 Tube (1 Tube = 50 ml, Grundpreis: \u20ac 15,80/100 ml)\n3 | Methylsulfonylmethan (MSM), eine wichtige Schwefel-  \n verbindung und ein wichtiger Baustein zur Bildung  \n von Aminos\u00e4uren, Enzymen und k\u00f6rpereigenen Stoffen.  \n MSM ist ein nat\u00fcrlicher Bestandteil von Knorpel,  \n Knochen, Bindegewebe, Muskeln, Haut, Haaren und  \n N\u00e4geln.\n Nur \u20ac 15,41  | 60 Kapseln (1 Pck. = 34,6 g, Grundpreis: \u20ac 44,54/100 g)1 | Obwohl Knorpel nicht durchblutet sind, bilden sie ein  \n lebendes, sich regelm\u00e4\u00dfig erneuerndes Gewebe. Auf-  \n baustoffe erreichen den Knorpel \u00fcber die Gelenk-  \n fl\u00fcssigkeit, die sich durch Bewegung besonders gut  \n verteilen. F\u00fcr wie geschmiert arbeitende Gelenke ist  \n regelm\u00e4\u00dfige Bewegung unerl\u00e4sslich. Mit Nobilin Gelenk  \n Fit erhalten Sie eine hochwertige Nahrungserg\u00e4nzung  \n mit N-Acetyl-Glucosamin, die aktive Glucosamin-Form,  \n sowie Vitamin C.\n Nur \u20ac 42,80  | 30 Trinkampullen (1 Pck. = 750 ml, Grundpreis: \u20ac 57,07/1 l)\n1 2 3S. 34 S. 35\nWeitere Produktinformationen im Internet unter www.medicom.de\nFRAUENGL\u00dcCK In der modernen Welt sind wir alle aufgefordert, die von au\u00dfen an uns gestellten \nAnforderungen mit unseren eigenen Bed\u00fcrfnissen zu vereinen. Diese Aufgabe wird \ndeutlich untersch\u00e4tzt, das Geschlecht spielt dabei keine Rolle. M\u00f6glicherweise sehen sich \nFrauen jedoch st\u00e4rker in der Pflicht, es allen recht zu machen und verlieren den Kontakt \nzu sich selbst. K\u00f6rperlicher Ausdruck dieses \u201eGetrenntseins\u201c bzw. der starken Belastung \nk\u00f6nnen von andauernd verspanntem Muskeltonus, \u00fcber schlechtem Stoffwechsel bis hin \nzu verminderter Libido und Gereiztheit reichen.Wonder Woman \u2013 ein Dilemma\nIn allen naturkundlichen Heilslehren und auch \nim indischen Ayurveda spielt die Frau eine wich -\ntige Rolle. Sie schenkt Leben, ern\u00e4hrt das Neu -\ngeborene aus eigener Kraft und ihrem Wesen \nwohnt ein geheimnisvoller Rhythmus inne. Geht \nes der Mutter gut, geht es dem Kind gut. Geht \nes der Frau gut, geht es der Gesellschaft gut. Manchmal k\u00f6nnen die Dinge so einfach sein. Ge -\nnau aus dem Grund schenken Frauen wie M\u00e4n -\nner dem weiblichen Wohlbefinden besondere \nAufmerksamkeit. \nVitalstoffe k\u00f6nnen ebenfalls sinnvoll sein. Ent -\ndecken Sie auf den n\u00e4chsten Seiten unsere Pro -\nduktempfehlungen.\nHeart2Heart by Amorelie  der Bezie -\nhungs-Podcast f\u00fcr eine gelungene Zweisam -\nkeit und ein erf\u00fclltes Sexleben. Themen, die \nuns alle ber\u00fchren, mit denen wir t\u00e4glich zu tun \nhaben, aber so tun, als ob sie nicht in unserem \nLeben vorkommen. Gef\u00fchle, Partnerschaften \nund Sex. Erotisch.Willkommen bei Dir. Der 7Mind- \nPodcast  liefert kleine und gro\u00dfe Denkan -\nst\u00f6\u00dfe f\u00fcrs Leben und die Macher nennen \nes selbst \u201emoderne Achtsamkeit mitten aus  \nBerlin\u201c. Prominente Menschen aus Wissen -\nschaft und Psychologie geben Unterst\u00fctzung \nund Inspiration zur Stressbew\u00e4ltigung im  \nAlltag. Entschleunigend.\nPODCASTSS. 36 S. 37\nWeitere Produktinformationen im Internet unter www.medicom.de\nEasy Flow\nAn manchen Tagen ist frau voll da: Die Arbeit \nerledigt sich wie von selbst, im Fitnessstudio \nsind Sie die Heldin, und am Abend bleibt sogar \nnoch Energie \u00fcbrig, um sich mit Freund*innen \nzu treffen oder weitere Freizeitaktivit\u00e4ten zu \nunternehmen, die frau liebt. Aber an anderen \nTagen? Alles f\u00fchlt sich z\u00e4h, wie Kaugummi an. \nSie schleppen sich aus dem Bett, haben das \nGef\u00fchl, dass sich Minuten in Stunden verwan -delt haben, und nach der Arbeit lassen Sie \nsich nur noch auf das Sofa fallen, um an die \nDecke zu starren. Richten Sie die Zugabe von \nVitalstoffen nach Ihrem weiblichen Rhythmus \naus, k\u00f6nnen Sie lernen, auf nat\u00fcrliche Wei -\nse, Stimmungs-, Produktivit\u00e4ts- und Energie -\nschwankungen auszubalancieren. Denn viele \nN\u00e4hrstoffe haben bedeutende Funktionen im \nHormonstoffwechsel. Frauen sind physiologisch nicht wirklich anders als M\u00e4nner \u2013 aber hormonell betrach -\ntet, gibt es deutliche Unterschiede. Neueste Forschungen befassen sich zunehmend \nmit dem w\u00f6chentlichen, hormonellen Wechsel der Frau und dem Zusammenhang zwi -\nschen k\u00f6rperlicher und mentaler Leistung.\n 2.000 mg Borretsch\u00f6l, davon ca.  \n 440 mg Gamma-Linolens\u00e4ure pro  \n Tagesdosis von 2 Kapseln\nNur \u20ac 16,29\n120 Kapseln  \n(1 Pck. = 172,2 g, Grundpreis: \u20ac 9,46/100 g) F\u00fcr einen entspannten Zyklus\nAlle Vitamine der B-Gruppe sind geeignete Helfer, um mental und k\u00f6rperlich auf gutem \nWeg zu bleiben. Frauen, die die Anti-Baby-Pille nehmen, ben\u00f6tigen sogar mehr B-Vitamine. \nFrauen, die auf eine hormonelle Verh\u00fctungsmethode setzen, sollten deshalb verst\u00e4rkter \nauf die Zufuhr von B-Vitaminen achten. Speziell das Vitamin B 6 tr\u00e4gt zur Regulation der \nhormonellen Aktivit\u00e4t bei.\nMedicom Newsletter\nE-Mail-Adresse eintragen, Willkommens-Rabatt \nerhalten und immer zuerst \u00fcber attraktive \nAktionen, neue Produkte und viele spannende \nThemen aus der Welt von Medicom informiert  \nwerden. www.medicom.de/newsletterGegen F\u00e4ltchenGesichtsmaske\n1 Teel\u00f6ffel Bienenhonig  \n(am besten Manukahonig)\n50 g Gerstenmehl \u2022 1 Eiwei\u00df\nVitamin D 3 und Magnesium tragen zur \nnormalen Muskelfunktion bei\n1. Eiwei\u00df zu festem Schnee schlagen. Gersten-  \n mehl und Honig zusammenmischen und  \n dann mit dem Schnee zu einer Paste  \n verr\u00fchren.\n2. Die Masse dick aufs gereinigte Gesicht  \n auftragen. Maske 20 Minuten einwirken  \n lassen. Anschlie\u00dfend gut abwaschen. S. 38 S. 39\nWeitere Produktinformationen im Internet unter www.medicom.de\nBereit f\u00fcr die  \nbesten Jahre?\nCoenzym Q10 (Ubiquinon) und seine \nbioaktive Form QH (Ubiquinol)  sind f\u00fcr die \nEnergieumwandlung im K\u00f6rper zust\u00e4ndig.  \nQ10/QH z\u00e4hlen zu den Antioxidantien, \nunterst\u00fctzen die Gesund-heit und sind vor allem \nf\u00fcr einen gesunden Alterungsprozesses von \nherausragender Bedeutung. \nDie Q10-/QH-Eigenproduktion, die f\u00fcr den \nzellul\u00e4ren Stoffwechsel und die zellul\u00e4re \nEnergieproduktion unabdingbar ist, nimmt  \nim Alter zwischen 35 bis 40 Jahren ab. Stress  \nhemmt ebenfalls die Eigensynthese. Jeder  \nMensch braucht Energie f\u00fcr alle Stoff-\nwechselprozesse im K\u00f6rper.\nShatavari  gilt in der ayurvedischen Medizin \nals besonderes Tonikum mit adaptogenen \nEigenschaften. Die Inhaltsstoffe der Pflanze \nsollen laut dem Ayurveda das Kapha-Dosha \nst\u00e4rken und die hitzigen Eigenschaften von \nVata und Pitta harmonisieren. So verwundert \nes nicht, dass Shatavari insbesondere in  \nden verschiedenen weiblichen Zyklen zum \nEinsatz kommt.Unter adaptogen versteht man alternativ-\nmedizinisch biologisch aktive Pflanzenstoffe, \ndie die Widerstandsf\u00e4higkeit des Organismus \ngegen\u00fcber Stressfaktoren erh\u00f6hen.\nVitamin D  tr\u00e4gt zur Erhaltung normaler Knochen \nund normaler Z\u00e4hne bei.\nDen K\u00f6rper und Geist belastbarer und \nresistenter gegen\u00fcber Stress und \u00dcberlas-  \ntung machen? Daf\u00fcr hat die Natur etwas \nvorgesehen: sogenannte Adaptogene, wie \nRhodiola.  Shatavari Rhodiola QH Vitamin D3 TablettenSch\u00e4men Sie sich noch, oder leben Sie schon? Fr\u00fcher haben sich Frauen, die in die Phase des \n\"Klimakteriums\" kamen, f\u00fcr Ihre Beschwerden gesch\u00e4mt. Heute steht Frau selbstbewusst \ndazu. Gut so, denn es handelt sich dabei um eine nat\u00fcrliche Zeit.Stationen der Wechseljahre\nPerimenopause:\nPerimenopause bedeutet w\u00f6rtlich \u201eum die \nWechseljahre herum\u201c und bezieht sich auf den \nBeginn der Menopause. Der \u00d6strogenspiegel \nsteigt und f\u00e4llt unregelm\u00e4\u00dfig und die Regel -\nblutung kann bisweilen aussetzen. Bekannte \nSymptome wie Hitzewallungen, Brustspannen \nund verminderter Sexualtrieb k\u00f6nnen hier auf-  \ntreten. Dieses Stadium dauert typischerweise \nvier bis acht Jahre und tritt Mitte bis Ende 40 auf. \nMenopause:  \nDie Menopause bezeichnet das 12-Monats-Sta -\ndium nach der letzten Regelblutung einer Frau \nund kann nur r\u00fcckwirkend sicher angegeben \nwerden. W\u00e4hrend der Menopause ist die Eipro -duktion zum Stillstand gekommen und der \u00d6st -\nrogenspiegel gesunken. Die Fruchtbarkeit (Fort -\npflanzungsf\u00e4higkeit) der Frau ist beendet.\nPostmenopause: \nDie Postmenopause umfasst die Zeitspanne vor \ndem 65. Lebensjahr (Senium). Hitzewallungen \nund andere Symptome klingen ab, und es findet \nkein Blutfluss aus der Geb\u00e4rmutter mehr statt. \nIm Gegensatz zu den ersten beiden Stadien der \nMenopause stellen der R\u00fcckgang des \u00d6strogen -\nspiegels und die Einstellung der Eierstockfunk -\ntion einige k\u00f6rperliche Herausforderungen dar, \ndie mit Osteoporose und Herz-Kreislauf-Erkran -\nkungen im Zusammenhang stehen.\nDr. med Christiane \nNorthrup \n\u201cWeisheit der \nWechseljahre\u201c , ZS \nVerlag GmbH; 4. \nAuflage  \n(2. November \n2016)\"Klimawechsel\". \nKom\u00f6die. 2010.\nRegie: Doris D\u00f6rrie\nMiniserie in 6 \nFolgen. Aktuell bei \nAmazon, iTunes, \nGoogle Play, ZDF \nselect verf\u00fcgbar.\nFilmtipp Buchtipp\nAlle Produkte hier\nbit.ly/3cbwxh6S. 40 S. 41\nFEEL\nGOOD Stellen Sie sich vor, Sie h\u00e4tten ein reichhaltiges Fr\u00fchst\u00fcck zu sich genommen. Dieser  \neinfache Gedanke allein k\u00f6nnte Sie schon dazu bringen, im Verlauf des Tages  \nweniger Kalorien zu sich zu nehmen. Eine Studie zeigt, wie die Macht der Gedanken  \ndas Hungergef\u00fchl bestimmt.\nWir alle haben Tage, an denen wir uns wie ein Fass ohne Boden f\u00fchlen. Wir k\u00f6nnten den \nganzen Tag essen, ohne jemals satt zu werden. Der einfachste \nAbnehmtrick der Welt\nWenn Sie denken, Sie essen viel...\nIhr Verhalten sowie auch \u00e4u\u00dferliche Stressfakto -\nren spielen bei diesem Gef\u00fchl des Hei\u00dfhungers \neine wichtige Rolle. W\u00e4hrend Sie sich bei der \nArbeit stressen, seit Tagen wie verr\u00fcckt trainie -\nren oder vielleicht auch viel unterwegs sind, ist \nIhr Geist besch\u00e4ftigt und denkt vielleicht weniger \nans Essen. Doch es gibt noch einen wesentlichen \nFaktor, der Ihr Essverhalten beeinflusst und das \nist das Fr\u00fchst\u00fcck.\nWenn Sie n\u00e4mlich w\u00e4hrend des Fr\u00fchst\u00fccks den -\nken, dass Sie im Begriff sind eine substantiell \nkalorienreiche Mahlzeit zu sich zu nehmen, wird Sie dieser Gedanke \u00fcber den Verlauf des Tages \nhinweg anspornen, ganz einfach weniger Ka -\nlorien zu essen und schon f\u00e4llt das Abnehmen \nleichter.\nDer ganze Trick funktioniert \u00fcbrigens auch an -\ndersherum. Wenn Sie das Gef\u00fchl haben, Ihr \nFr\u00fchst\u00fcck sei \u201emickerig\u201c und Sie denken, dass Sie \neigentlich nicht ausreichend gegessen haben, so \nwerden Sie \u00fcber den Tag hinweg versuchen, die -\nsen Mangel zu kompensieren. Das ergaben Stu -\ndien der British Psychological Society.\nWas Sie sonst noch f\u00fcr Ihre Wohlf\u00fchlfigur tun \nk\u00f6nnen, erfahren Sie auf den n\u00e4chsten Seiten.\nCobalamin\nDas f\u00fcr den Menschen verwertbare Vitamin B 12 \n(Cobalamin) kommt ausschlie\u00dflich in tierischen \nProdukten wie Innereien, Fleisch und Fisch, Eiern, \nMilch und Milchprodukten vor. Vitamin B 12 ist \nein lebenswichtiger, essenzieller N\u00e4hrstoff, der \neine wichtige Rolle bei der Zellteilung und der \nBildung roter Blutk\u00f6rperchen spielt. Wir m\u00fcssen \nVitamin B 12 \u00fcber die Nahrung zu uns nehmen, \nda es nicht selbst vom K\u00f6rper produziert wird.\nS. 42 S. 43\nWeitere Produktinformationen im Internet unter www.medicom.de\nGr\u00fcnes Energierezept: \nMatcha Smoothie\nSo bereiten Sie den \nMatcha-Asia-Power-Smoothie zu\nDen Apfel entkernen, die reife Avocado sch\u00e4len und \nden Kern entfernen, den Jungspinat waschen. Zu -\nsammen mit den restlichen Zutaten in den Mixer  \ngeben und zum Smoothie mixen. Dann etwas  \nWasser hinzugeben. Genie\u00dfen Sie Ihren Matcha \nSmoothie!F\u00fcnf Mal am Tag Obst und Gem\u00fcse lautet die Grundregel f\u00fcr eine gesunde Ern\u00e4hrung. \nEine gute Alternative f\u00fcr den Verzehr von Obst und Gem\u00fcse sind Smoothies. Hier \nfinden Sie einen Matcha-Smoothie zum Selbermachen.\nZutaten:\n\u2022 \u00bd TL Matchagr\u00fcnteepulver\n\u2022 1 Apfel \u2022 1 Avocado\n\u2022 250 gr Jungspinat\n\u2022 1 EL frisch gepressten Zitronensaft\n\u2022 1 Kiwi\n\u2022 Je nach Belieben \u00bd TL geriebener \nIngwer oder \u00bd TL Curcumapulver\n\u2022 Etwas Wasser Enth\u00e4lt Bio Matcha und Bio Gluco-  \n mannan, ein aus der Konjakwurzel  \n gewonnener Ballaststoff\n Glucomannan tr\u00e4gt im Rahmen  \n einer kalorienarmen Ern\u00e4hrung zu  \n Gewichtsverlust bei*\nNur \u20ac 22,08\n60 Kapseln  \n(1 Pck. = 34,8 g, Grundpreis: \u20ac 63,45/100 g)     Abnehmkapseln\n* Die positive Wirkung stellt sich bei einer t\u00e4glichen Aufnahme von  \n 3 g Glucomannan in drei Portionen \u00e0 1 g in Verbindung mit  \n 1-2 Gl\u00e4sern Wasser vor den Mahlzeiten und im Rahmen einer  \n kalorienarmen Ern\u00e4hrung ein.  \nS. 44 S. 45\nWeitere Produktinformationen im Internet unter www.medicom.dePhaseolus vulgaris hei\u00dft der Extrakt, der aus der \nGartenbohne gewonnen wird. Genaugenommen \nhandelt es sich um einen Glycoproteinkomplex, \nder die Aufspaltung langkettiger Kohlenhydrate \nin Form von St\u00e4rke zu Zuckermolek\u00fclen teilweise \nunterbindet. So nimmt der K\u00f6rper auch weniger \nlangkettige Kohlenhydrate auf und es kommt \nzu einer verminderten Kalorienaufnahme pro \nMahlzeit. \u00dcbrigens: Der Blutzuckerspiegel \nprofitiert auch davon. Nobilin Fett-Blocker enth\u00e4lt einen nat\u00fcrlichen \nFaserkomplex, der aus dem Feigenkaktus \n(Opuntia ficus-indica) gewonnen wird. Die \nFrucht liefert reichlich l\u00f6sliche und nichtl\u00f6sliche \nFasern und hat eine sehr hohe Bindungsaffinit\u00e4t \nf\u00fcr Fette. Die nichtl\u00f6slichen Fasern binden im \nMagen Fett aus der Nahrung und bilden mit ihm \neinen volumin\u00f6sen Komplex. Die wasserl\u00f6slichen \nFasern erzeugen ein fl\u00fcssiges Gel, das den Fett-\nFaser-Komplex umschlie\u00dft. Der so stabilisierte \nKomplex wird nicht vom Darm aufgenommen, \nsondern unverwertet ausgeschieden. Hauptfunktion*:\n Ist geeignet zur allgemeinen  \n Gewichtskontrolle und zur Reduzie-  \n rung des K\u00f6rperfettes\n Verringert die Kalorienaufnahme  \n aus den langkettigen Kohlen-  \n hydraten der Nahrung\nNur \u20ac 18,16\n60 Tabletten (Grundpreis: 0,30 \u20ac /St.)   Weniger Kohlenhydrate\nHauptfunktion*:\n Prophylaxe und Behandlung von  \n \u00dcbergewicht, insbesondere Unter-  \n st\u00fctzung einer fettreduzierten Di\u00e4t\n Zur Gewichtskontrolle im Rahmen  \n einer fettbewussten Ern\u00e4hrung\nNur \u20ac 19,53\n60 Tabletten  \n(Grundpreis: 0,33 \u20ac /St.)   \nWeniger Fette\nMEDIZINPRODUKT MEDIZINPRODUKT\n* Bitte Packungsbeilage beachten. Zu Risiken und Neben  \n wirkungen lesen Sie die Packungsbeilage und fragen  \n Sie Ihren Arzt oder Apotheker.* Bitte Packungsbeilage beachten. Zu Risiken und Neben  \n wirkungen lesen Sie die Packungsbeilage und fragen  \n Sie Ihren Arzt oder Apotheker.Oh puntia, oh puntia! Die gew\u00f6hnliche \nGartenbohne\nS. 46 S. 47\n BEAUTY \nFOOD \nVon Kohl und Knollen\nFinden Sie mehr Infos und Rezepte unter www.bit.ly/2mZdfpGGr\u00fcnkohl  \nDas sagt die Wissenschaft:\nPrall gef\u00fcllt mit Provitamin A, Fols\u00e4ure und Vita-\nmin C sowie den Mineralstoffen Eisen, Magne -\nsium und Kalium ist es das Megagem\u00fcse. \nF\u00fcr die  Beauty:\nSch\u00fctzt die Haut und ist eine hervorragende \nN\u00e4hrstoffquelle f\u00fcr die Haare.\nRote Bete  \nDas sagt die Wissenschaft:\nEchter Vitamin-Kick und randvoll mit essenziel -\nlen N\u00e4hrstoffen, die antioxidativ wirken. \nF\u00fcr die  Beauty:\nSch\u00fctzt die Haut vor Freien Radikalen und kur -\nbelt die Kollagenproduktion an.\nChicoree  \nSeine Bitterstoffe sind gut f\u00fcr die Verdauung, \nden Stoffwechsel und den Kreislauf. Enth\u00e4lt viel \nvom Ballaststoff Inulin, was die Darmflora er -\nfreut. Wenig Kalorien.\nF\u00fcr die  Beauty:\nDank der vielen Vitamine ein nat\u00fcrliches Anti-\nAging-Mittel, unterst\u00fctzt die Zellerneuerung von \nHaut und Haaren.Der Winter lockt mit Kohl, Knollen- und Wurzelgem\u00fcse. Auch Salate kommen nicht zu \nkurz und auch Pilzfreunde kommen auf ihre Kosten. Im Wintergem\u00fcse stecken viele \nVitamine und Mineralstoffe, denn die Natur hat sich etwas dabei gedacht, unseren \nK\u00f6rper mit kraftvollen Antioxidantien zu sch\u00fctzen.S. 48 S. 49\nWeitere Produktinformationen im Internet unter www.medicom.de\n1 | Wir alle sch\u00e4tzen gepflegte und sch\u00f6-  \n ne Haare. Sie sind das Symbol f\u00fcr  \n Vitalit\u00e4t, Jugend und Gesundheit. Lei-  \n der reagieren Haare oft sehr empfind-  \n lich auf Belastungen: Neben Krank-  \n heiten, hormonellen Ver\u00e4nderungen,  \n Stress oder Umweltgiften wirkt sich  \n auch eine unzureichende N\u00e4hrstoff-  \n zufuhr schw\u00e4chend auf die Haarstruk-\n tur und auf das Haarwachstum aus.  \n Nur \u20ac 39,16\n 80 Soft-Gel-Kapseln (1 Pck. = 54 g, Grundpreis: \u20ac 72,52/100 g)  \n2 | Das Spurenelement Eisen ist wichtig  \n f\u00fcr den Stoffwechsel, den Energie-  \n haushalt der Zellen und die Zellteilung.  \n Curryblatt liefert hochwertiges, nat\u00fcr-   liches Eisen \u2013 kombiniert mit Vitamin C  \n aus Hagebuttenextrakt f\u00fcr eine opti-  \n male Verwertung.\n Nur \u20ac 19,0 4\n 60 Kapseln (1 Pck. = 21,4 g, Grundpreis: \u20ac 88,97/100 g)\n3 | Biotin, auch als Vitamin H bezeichnet,  \n ist Bestandteil vieler Schl\u00fcsselenzyme  \n des Stoffwechsels und spielt eine  \n wichtige Rolle beim Erhalt normaler  \n Haut und Haare. Das in der Kieselerde  \n reichhaltig vorhandene Spurenele-  \n ment Silicium wiederum verleiht dem  \n Bindegewebe der Haut Festigkeit und  \n Elastizit\u00e4t.\n Nur \u20ac 8,20\n 120 Kapseln (1 Pck. = 61,2 g, Grundpreis: \u20ac 13,40/100 g)  Beautiful \u2013 \nWie sch\u00f6n Du bist\nUnsere Sch\u00f6nheit und die Sch\u00f6nheit anderer hat einen sehr hohen Stellenwert \nin unserer Gesellschaft. Aber die simple Wahrheit ist: Jeder Mensch ist sch\u00f6n. \nWir m\u00f6chten Sie dabei unterst\u00fctzen, Ihr Sch\u00f6nheitsempfinden individuell zu  \ngestalten und sich selbst mehr zu loben und zu lieben. Entdecken Sie Ihre Schokoladenseiten \nund erfreuen Sie sich an ihnen.\nAlle Produkte hier: \nbit.ly/2Se8WTU \n1 2 3S. 50 S. 51\nWINTER\nIS COMING  Ausdauersport und Bewegung sind hervorragende Mittel, um die Stimmung zu heben \nund sich fitter zu f\u00fchlen sowohl in den eigenen vier W\u00e4nden als auch drau\u00dfen. Ein aktiver \nLebensstil f\u00f6rdert auch die Durchblutung, kann \u00dcbergewicht vorbeugen und das Risiko f\u00fcr \nGef\u00e4\u00dferkrankungen senken. Ausdauersport f\u00fcr \nein kraftvolles Herz\nMit Ausdauer Spass haben\nGesellschaftliche Bequemlichkeit hat ihren \nPreis: Bewegungsmangel spielt in der gleichen \nLiga wie die klassischen Risikofaktoren Rau -\nchen, Bluthochdruck oder Diabetes. Durch \nregelm\u00e4\u00dfige k\u00f6rperliche Bewegung senken \nSie Ihren Blutdruck und reduzieren Blutzu -\ncker und -fette. Obendrein erweitern Sie Ihre \nGef\u00e4\u00dfe und steigern die Leistungsf\u00e4higkeit  \ndes Herzens. Schon f\u00fcnf Stunden Sport in der \nWoche halbiert das Risiko von Herzerkran -\nkungen beinahe um die H\u00e4lfte. Besonders gut  \ngeeignet zur Vorbeugung sind stetig ausgef\u00fchr -\nte, gelenkschonende Bewegungen, bei denen \ndas Herz \u00fcber einen l\u00e4ngeren Zeitraum ma\u00df -\nvoll gefordert wird. Ausdauerndes Spazierenge -\nhen, Walken, Schwimmen, Radfahren, Wandern \noder Tanzen \u2013 w\u00e4hlen Sie eine Sportart, die Ih -\nnen gef\u00e4llt und Spa\u00df macht. Vielleicht finden Sie \nauch mehr Motivation, wenn Sie Gleichgesinnte \nsuchen. Dazu k\u00f6nnen Sie sich einen Trainings -\npartner suchen oder sich einer Sportgruppe an -\nschlie\u00dfen. Es f\u00e4llt definitiv leichter, gemeinsam \nregelm\u00e4\u00dfig Sport zu treiben. In den folgenden \nSeiten geben wir Ihnen zus\u00e4tzliche Empfehlun -\ngen f\u00fcr Ihre Aktivit\u00e4ten.\nAlle Produkte hier: bit.ly/35IWl3c\nDie Wim Hof Methode:  \n\u201eThe Iceman\u201c\nDie Wim Hof Methode ist eine einfache, aber \nwirkungsvolle Methode, die sich auf drei S\u00e4ulen \nst\u00fctzt: Atmung, K\u00e4ltetherapie und Engagement. \nEs ist die Kombination dieser drei Elemente, \ndie die Wim Hof Methode einzigartig kraftvoll \nmacht. www.wimhofmethod.comS. 52 S. 53\nWeitere Produktinformationen im Internet unter www.medicom.de Pro Stick 600 mg reines Calcium  \n plus 5 \u00b5g Vitamin D 3\n Praktisches Direktgranulat mit  \n Zitronengeschmack \u2013 Einnahme  \n ohne Wasser\n Calcium und Vitamin D tragen zum  \n Erhalt normaler Knochen und  \n normaler Z\u00e4hne bei\nNur \u20ac 7,76\n20 Sticks  \n(1 Pck. = 60 g, Grundpreis: \u20ac 12,93/100 g) \n 4 mg Astaxanthin in jedem  \n Soft-Gum plus die Vitamine C und E\n Leicht zu kauen, lutschen und  \n schlucken \u2013 ohne Wasser\nNur \u20ac 5,25\n10 Soft-Gums  \n(1 Pck. = 12 g, Grundpreis: \u20ac 43,75/100 g) \n5 hochwertige Produkte in einer Box \nin praktischer Probiergr\u00f6\u00dfe zum \nSchnupperpreis. \nJetzt entdecken! Zur Herstellung einer Kohlen-  \n hydrat-Elektrolyt-L\u00f6sung, mit  \n S\u00fc\u00dfungsmitteln\n Liefert Natrium, Kalium, Chlorid  \n und Dextrose\n Kohlenhydrat-Elektrolyt-L\u00f6sungen  \n verbessern die Aufnahme von  \n Wasser w\u00e4hrend der k\u00f6rperlichen  \n Bet\u00e4tigung Zur Aufrechterhaltung der Aus-  \n dauerleistung bei l\u00e4ngerem  \n Ausdauertraining\n Gleicht Elektrolyt- und Fl\u00fcssigkeits-  \n verluste aus\n Mit Beerengeschmack\nNur \u20ac 5,21\n12 Brausetabletten  \n(1 Pck. = 78 g, Grundpreis: \u20ac 6,68/100 g)Beliebt bei Sportlern\nSportbox - Winteredition\n Hanfproteinpulver \u2013 besonders  \n gute Proteinquelle mit mind. 50 %  \n Proteingehalt \n Optimale Eiwei\u00dfversorgung: liefert  \n alle essenziellen Aminos\u00e4uren\n Proteine tragen zum Erhalt und zur  \n Zunahme der Muskelmasse bei \n Hergestellt aus bestem Biohanf  \n europ\u00e4ischer Herkunft \nNur \u20ac 29,35\n600 g Pulver\n(1 Pck. = 600 g, Grundpreis: \u20ac 48,92/1 kg)\nS. 54 S. 55\nWeitere Produktinformationen im Internet unter www.medicom.de Weitere Produktinformationen im Internet unter www.medicom.de\nVISION Vitalstoffe f\u00fcr die Augen\nDie Augen sind als \u201eLeitsinn\u201c das vielleicht wichtigste Sinnesorgan. Denn vor allem er -\nm\u00f6glicht uns das Sehen eine weitest gehende Orientierung in unserer Umwelt. F\u00fcr viele \nist das nicht so selbstverst\u00e4ndlich.\nWir empfehlen f\u00fcr die Pflege der Augen eine besondere Formel:\n mit 200 mg Heidelbeerextrakt  \n pro Kapsel\n Vitamin C, Vitamin E, Selen und  \n Zink tragen zum Schutz der Zellen  \n vor oxidativem Stress bei\n Zink tr\u00e4gt zum Erhalt der normalen  \n Sehkraft und zum normalen Stoff-  \n wechsel der Makron\u00e4hrstoffe bei\nNur \u20ac 21,00\n60 Kapseln  \n(1 Pck. = 106 g, Grundpreis: \u20ac 19,81/100 g) Die Frucht des lateinisch als Vaccinium myrtillus \nbezeichneten Strauchgew\u00e4chses sollte nicht \nuntersch\u00e4tzt werden. In den 60er Jahren \nhaben Wissenschaftler in der Heidelbeere \ndie Anthocyane entdeckt, die der Frucht \nihre tiefblaue F\u00e4rbung verleihen. Auf diesen \nPflanzenfarbstoffen beruht der antioxidative \nSchutz der Heidelbeere. Die HeidelbeereS. 56 S. 57\nMedicom l\u00e4sst Ihnen Ihre Bestellung zu \n95 Prozent gleich am n\u00e4chsten Werktag \nzustellen, wenn diese vor 14 Uhr bei \nuns eingeht. F\u00fcr jede Bestellung ab \neinem Einkaufswert von 15 Euro zahlen \nSie innerhalb Deutschlands auch keine \nLieferkosten. Diesen Service haben wir \nerweitert und liefern ab sofort auch an alle \nMitgliedsstaaten der Europ\u00e4ischen Union \nversandkostenfrei ab 15 Euro Einkaufswert!   \nMehr Informationen finden Sie unter \nmedicom.de/lieferkonditionenSie gr\u00fcbeln vielleicht noch und sind \nsich unsicher. Sie haben sich aber fest \nvorgenommen, gute neue Gewohnheiten \nin Ihr Leben zu integrieren, nur fehlt noch \ndie passende Unterst\u00fctzung. Sie m\u00f6chten \nsich beispielsweise vegan oder vegetarisch \nern\u00e4hren, Ihren Fitnessplan erg\u00e4nzen oder \nbewusst und achtsam dem Dauerstress \ndie Stirn bieten, sind sich jedoch unsicher, \nwelche Nahrungserg\u00e4nzungsmittel Sie \nw\u00e4hlen sollen und welche zu Ihnen passen.\nMedicom hat f\u00fcr die beliebtesten Themen-\nwelten sieben einfache Probierboxen \nerstellt. F\u00fcr alle, die sich bisher noch \nnicht f\u00fcr Medicom und unsere Produkte \nentscheiden konnten.\nMachen Sie den Test und w\u00e4hlen Sie:\nmedicom.de/gratis-produktsetsNEU: europaweiter \nVersand gratisWollen Sie mal \nprobieren?\nGesundheit, Lifestyle, Rezepttipps, interessante Artikel zu Vitaminen, Mineralstoffen, \nSpurenelementen und Heilpflanzen sowie spannende Interviews zu besonderen \nLebensfragen \u2013 im Online-Magazin (www.medicom.de/lebennurbesser) k\u00f6nnen Sie sich \nmehr Zeit f\u00fcr einzelne Gesundheitsfragen nehmen.\nDas Magazin deckt ein breites Themenspektrum ab, ist sehr vielf\u00e4ltig und informativ und \ndabei stets unterhaltsam. Nat\u00fcrlich ist die \u201eSchatzkammer\u201c kostenfrei und jederzeit online \nvon \u00fcberall zug\u00e4nglich.#lebennurbesser   \n\u2013 Das Medicom-Online-Magazin\nThemenw\u00fcnsche und Ideen nehmen wir sehr gerne entgegen. \nEinfach mailen an info@medicom.de, Stichwort \u201eMedicom-Online-Magazin\u201c.WIDERRUFSRECHT\nSie haben das Recht, binnen 14 Tagen ohne Angabe von \nGr\u00fcnden den Vertrag zu widerrufen. Die Widerrufsfrist \nbetr\u00e4gt 14 Tage ab dem Tag, an dem Sie oder ein von \nIhnen benannter Dritter, der nicht der Bef\u00f6rderer ist, \ndie letzte Teilsendung oder das letzte St\u00fcck in Besitz \ngenommen haben bzw. hat. Um Ihr Widerrufsrecht \nauszu\u00fcben, m\u00fcssen Sie uns, \nMedicom Pharma GmbH\nAbteilung Kundendienst\nSedem\u00fcnder 2\n31832 Springe\nTel.: 0800 - 73 77 730 \nFax: 0800 - 73 77 700\nE-Mail: info@medicom.de,\nmittels einer eindeutigen Erkl\u00e4rung (zum Beispiel per \nmit der Post versandtem Brief, Telefax oder E-Mail) \n\u00fcber Ihren Entschluss, diesen Vertrag zu widerrufen, \ninformieren. Sie k\u00f6nnen bei der erhaltenen Bestellung \ndas beigef\u00fcgte Musterwiderrufsformular verwenden, \ndas jedoch nicht vorgeschrieben ist. \nZur Wahrung der Widerrufsfrist reicht es aus, dass Sie \ndie Mitteilung \u00fcber die Aus\u00fcbung des Widerrufsrechts \nvor Ablauf der Widerrufsfrist absenden.\nFolgen des Widerrufs\nWenn Sie diesen Vertrag widerrufen, haben wir Ihnen \nalle Zahlungen, die wir von Ihnen erhalten haben, \neinschlie\u00dflich der Lieferkosten (mit Ausnahme der \nzus\u00e4tzlichen Kosten, die sich daraus ergeben, dass \nSie eine andere Art der Lieferung als die von uns \nangebotene, g\u00fcnstigste Standardlieferung gew\u00e4hlt \nhaben), unverz\u00fcglich und sp\u00e4testens binnen 14 Tagen \nab dem Tag zur\u00fcckzuzahlen, an dem die Mitteilung \u00fcber \nIhren Widerruf dieses Vertrags bei uns eingegangen \nist. F\u00fcr diese R\u00fcckzahlung verwenden wir dasselbe \nZahlungsmittel, das Sie bei der urspr\u00fcnglichen \nTransaktion eingesetzt haben, es sei denn, mit Ihnen \nwurde ausdr\u00fccklich etwas anderes vereinbart; in keinem \nFall werden Ihnen wegen dieser R\u00fcckzahlung Entgelte \nberechnet. \nSie haben die Waren unverz\u00fcglich und in jedem Fall \nsp\u00e4testens binnen 14 Tagen ab dem Tag, an dem Sie \nuns \u00fcber den Widerruf dieses Vertrags unterrichten, an \nuns zur\u00fcckzusenden oder zu \u00fcbergeben. Die Frist ist \ngewahrt, wenn Sie die Waren vor Ablauf der Frist von 14 \nTagen absenden. Wir tragen die Kosten der R\u00fccksendung \nder Waren. Sie m\u00fcssen f\u00fcr einen etwaigen Wertverlust \nder Waren nur aufkommen, wenn dieser Wertverlust auf \neinen zur Pr\u00fcfung der Beschaffenheit, der Eigenschaften \nund der Funktionsweise der Waren nicht notwendigen \nUmgang mit ihnen zur\u00fcckzuf\u00fchren ist.\nBei der R\u00fccknahme von Arzneimitteln im Rahmen des \nWiderrufsrechts sind wir verpflichtet, Sie nach dem \nGrund der R\u00fcckgabe zu fragen. Sie m\u00fcssen nur dann \neinen Grund angeben, sofern der Widerruf aufgrund von \nNebenwirkungen erfolgt.Fr\u00fchzeitiges Erl\u00f6schen des Widerrufsrechts\nDas Widerrufsrecht erlischt vorzeitig bei Vertr\u00e4gen \nzur Lieferung versiegelter Waren, die aus Gr\u00fcnden \ndes Gesundheitsschutzes oder der Hygiene nicht zur \nR\u00fcckgabe geeignet sind, wenn ihre Versiegelung nach \nder Lieferung entfernt wurde. \nWiderrufsformular\nUnd so k\u00f6nnen Sie Ihren Vertrag mit der Medicom \nPharma GmbH widerrufen:\nVerwenden Sie das fertige Widerrufsformular, das wir \nIhnen zusammen mit Ihrer Bestellung zur Verf\u00fcgung \nstellen oder das Sie unter www.medicom.de/widerruf \ndownloaden k\u00f6nnen.\nBesondere Hinweise\nZwei-monatige Geld-zur\u00fcck-Garantie: Wir r\u00e4umen \nIhnen als Verbraucher zus\u00e4tzlich zu Ihrem gesetzlich \nzustehenden 14-t\u00e4gigen Widerrufsrecht die M\u00f6glichkeit \nein, bis zu 60 Tage nach Erhalt der Ware von unserem \nGeld-zur\u00fcck-Versprechen Gebrauch zu machen. Die \ngesetzlichen Regelungen zum Widerrufsrecht werden \nnicht eingeschr\u00e4nkt, w\u00e4hrend der Widerrufsfrist \ngelten ausschlie\u00dflich die gesetzlichen Regelungen zum \nWiderrufsrecht. \nDATENSCHUTZ\nWir freuen uns \u00fcber Ihr Interesse an unserem \nUnternehmen. Der Schutz Ihrer Privatsph\u00e4re ist f\u00fcr \nuns sehr wichtig. Nachstehend informieren wir Sie \nausf\u00fchrlich \u00fcber den Umgang mit Ihren Daten.\nDatenerhebung und -verwendung zur Vertrags-\nabwicklung und bei Er\u00f6ffnung eines Kundenkontos\nWir erheben personenbezogene Daten, wenn \nSie uns diese im Rahmen Ihrer Bestellung, bei \neiner Kontaktaufnahme mit uns (zum Beispiel per \nBestellformular oder E-Mail) oder bei Er\u00f6ffnung eines \nKundenkontos freiwillig mitteilen. Welche Daten erhoben \nwerden, ist aus den jeweiligen Eingabeformularen \nersichtlich. Wir verwenden die von Ihnen mitgeteilten \nDaten zur Vertragsabwicklung und Bearbeitung Ihrer \nAnfragen. Nach vollst\u00e4ndiger Abwicklung des Vertrags \noder L\u00f6schung Ihres Kundenkontos werden Ihre Daten \nf\u00fcr die weitere Verwendung gesperrt und nach Ablauf der \nsteuer- und handelsrechtlichen Aufbewahrungsfristen \ngel\u00f6scht, sofern Sie nicht ausdr\u00fccklich in eine weitere \nNutzung Ihrer Daten eingewilligt haben oder wir uns \neine dar\u00fcber hinausgehende Datenverwendung \nvorbehalten, die gesetzlich erlaubt ist und \u00fcber die \nwir Sie nachstehend informieren. Die L\u00f6schung Ihres \nKundenkontos ist jederzeit m\u00f6glich und kann entweder \ndurch eine Nachricht an die unten beschriebene \nKontaktm\u00f6glichkeit oder \u00fcber eine daf\u00fcr vorgesehene \nFunktion im Kundenkonto erfolgen.\nDatenweitergabe zur Vertragserf\u00fcllung\nZur Vertragserf\u00fcllung geben wir Ihre Daten an das mit \nder Lieferung beauftragte Versandunternehmen weiter, \nsoweit dies zur Lieferung bestellter Waren erforderlich \nist. Je nachdem, welchen Zahlungsdienstleister Sie im \nBestellprozess ausw\u00e4hlen, geben wir zur Abwicklung von Zahlungen die hierf\u00fcr erhobenen Zahlungsdaten \nan das mit der Zahlung beauftragte Kreditinstitut und \nggf. von uns beauftragte Zahlungsdienstleister bzw. \nan den ausgew\u00e4hlten Zahlungsdienst weiter. Zum Teil \nerheben die ausgew\u00e4hlten Zahlungsdienstleister diese \nDaten auch selbst, sofern Sie dort ein Konto anlegen. In \ndiesem Fall m\u00fcssen Sie sich im Bestellprozess mit Ihren \nZugangsdaten bei dem Zahlungsdienstleister anmelden. \nEs gilt insoweit die Datenschutzerkl\u00e4rung des jeweiligen \nZahlungsdienstleisters.\nDatenverwendung f\u00fcr Postwerbung und Ihr Wider-\nspruchsrecht\nDar\u00fcber hinaus behalten wir uns vor, Ihren Vor- und \nNachnamen, Ihre Postanschrift und \u2013 soweit wir diese \nzus\u00e4tzlichen Angaben im Rahmen der Vertragsbeziehung \nvon Ihnen erhalten haben \u2013 Ihren Titel, akademischen \nGrad, Ihr Geburtsjahr und Ihre Berufs-, Branchen- oder \nGesch\u00e4ftsbezeichnung in zusammengefassten Listen zu \nspeichern und f\u00fcr eigene Werbezwecke zu nutzen, zum \nBeispiel zur Zusendung von interessanten Angeboten \nund Informationen zu unseren Produkten per Briefpost. \nSie k\u00f6nnen der Speicherung und Verwendung Ihrer \nDaten zu diesen Zwecken jederzeit durch eine Nachricht \nan die unten beschriebene Kontaktm\u00f6glichkeit \nwidersprechen.\nBonit\u00e4tspr\u00fcfung und Scoring\nSofern wir in Vorleistung treten, zum Beispiel beim \nKauf auf Rechnung, behalten wir uns vor, zur Wahrung \nunserer berechtigten Interessen eine Identit\u00e4ts-\nund Bonit\u00e4tsauskunft von hierauf spezialisierten \nDienstleistungsunternehmen (Wirtschaftsauskunfteien) \neinzuholen. Wir \u00fcbermitteln hierzu Ihre f\u00fcr eine \nBonit\u00e4tspr\u00fcfung ben\u00f6tigten personenbezogenen Daten \nan folgendes Unternehmen:\nCreditreform Boniversum GmbH\u00a0\nHellersbergstra\u00dfe 11\n41460 Neuss\nPers\u00f6nliche Daten\nDie durch die Medicom Pharma GmbH erhobenen \npers\u00f6nlichen Daten werden ausschlie\u00dflich zur Erf\u00fcllung \nund Abwicklung Ihrer Bestellung verwendet. \nDie Medicom Pharma GmbH sichert zu, dass Ihre Angaben \nentsprechend den geltenden datenschutzrechtlichen \nBestimmungen vertraulich behandelt werden. Nach dem Bundesdatenschutzgesetz haben Sie ein Recht \nauf unentgeltliche Auskunft \u00fcber Ihre gespeicherten \nDaten sowie ggf. ein Recht auf Berichtigung, Sper-\nrung oder L\u00f6schung dieser Daten. Wir speichern \npersonenbezogene Daten nur so lange, wie es n\u00f6tig ist, \ndie Dienstleistungen auszuf\u00fchren, die Sie gew\u00fcnscht \noder zu denen Sie Ihre Einwilligung erteilt haben, sofern \nkeine anders lautenden gesetzlichen Verpflichtungen \nbestehen. Bei Angabe Ihrer E-Mail-Adresse wird diese, \num Ihnen die Sendungsverfolgung zu erm\u00f6glichen, dem \nSystem von unserem jeweiligen Distributionspartner \nzur Verf\u00fcgung gestellt. Der Distributionspartner \nunterliegt ebenfalls dem Datenschutzgesetz und wird \nIhre E-Mail-Adresse nur f\u00fcr die \u00dcbersendung der \nSendungsverfolgungsdaten verwenden. Dar\u00fcber hinaus \nfindet eine Weitergabe Ihrer Daten an Dritte zu keinem \nweiteren Zeitpunkt statt. \nSicherheit\nDie Medicom Pharma GmbH setzt technische und \norganisatorische Sicherheitsma\u00dfnahmen ein, um die  \nvon Ihnen zur Verf\u00fcgung gestellten Daten vor  \nzuf\u00e4lliger oder vors\u00e4tzlicher Manipulation, Verlust, \nZerst\u00f6rung und dem Zugriff durch unberechtigte Per-\nsonen zu sch\u00fctzen. Unsere Sicherheitsma\u00dfnahmen \nwerden entsprechend der technologischen Entwicklung \nfortlaufend \u00fcberarbeitet.\nAuskunftsrecht und Kontaktm\u00f6glichkeit\nSie haben ein Recht auf unentgeltliche Auskunft \u00fcber \ndie bei uns zu Ihrer Person gespeicherten Daten sowie \nggf. ein Recht auf Berichtigung, Sperrung oder L\u00f6schung \ndieser Daten. Bei Fragen zur Erhebung, Verarbeitung \noder Nutzung Ihrer personenbezogenen Daten, bei \nAusk\u00fcnften, Berichtigung, Sperrung oder L\u00f6schung von \nDaten sowie Widerruf ggf. erteilter Einwilligungen oder \nWiderspruch gegen eine bestimmte Datenverwendung \nwenden Sie sich bitte an unseren betrieblichen \nDatenschutzbeauftragten:\nMedicom Pharma GmbH\nAbteilung Datenschutz\nFeringastra\u00dfe 4\n85774 Unterf\u00f6hring\nTel: 0800 - 73 77 730\nE-Mail: datenschutz@medicom.de\nImpressum:  Herausgeber: Medicom Pharma GmbH, Feringastra\u00dfe 4, 85774 Unterf\u00f6hring \u2022 Verlag, Redaktion, Gestaltung: \nDPNY communications S. L.U. \u2022 Stand: 2020. \u00c4nderungen vorbehalten.Im Falle datenschutzrechtlicher Verst\u00f6\u00dfe steht Ihnen ein Beschwerderecht bei der zust\u00e4ndigen Aufsichtsbeh\u00f6rde, dem Bayerischen \nLandesamt f\u00fcr Datenschutzaufsicht, Promenade 27, 91522 Ansbach, poststelle@lda.bayern.de, zu.\nAlle Texte, Bilder und weitere hier ver\u00f6ffentlichte Informationen unterliegen dem Copyright der Medicom Pharma GmbH,  \nSpringe. Eine Reproduktion, ein Nachdruck, auch auszugsweise, von Bildern oder Texten dieses Kataloges oder eine Wie -\ndergabe des Ganzen oder von Teilen ist ohne die schriftliche Genehmigung der Medicom Pharma GmbH nicht gestattet. \nDer Name Medicom, das Medicom-Logo, MEDICOM TERRA \u00ae, NOBILIN sowie weitere als solche gekennzeichnete Namen sind \neingetragene Marken der Medicom Pharma GmbH.  Zu 100 %  aus Recyclingpapier \u2013 der Umwelt zuliebe!Medicom Pharma GmbH | Feringastra\u00dfe 4 | 85774 Unterf\u00f6hring | www.medicom.de MEDICOM-COMMUNITY\n/Medicom_DE /MEDICOM.Gesundheit /medicomde\n", "language": "PDF", "image": "PDF", "pagetype": "PDF", "links": "PDF"}