{"title": "Hom\u00f6opathie", "author": null, "url": null, "hostname": null, "description": null, "sitename": "Mohren-Apotheke S\u00fcdstadt N\u00fcrnberg", "date": "2023-01-01", "id": null, "license": null, "body": null, "comments": "", "commentsbody": null, "raw_text": null, "text": "Mohren-Apotheke S\u00fcdstadt\nW\u00f6lckernstra\u00dfe 1\n90459 N\u00fcrnberg\nTel: +49 911 944 56 0\nE-Mail: info@mohren-apotheke-sued.de\nStartseite\nRezept\nSortiment\nKonto\n0\nWarenkorb\nMen\u00fc\nMen\u00fc schlie\u00dfen\nShop/Reservierung\nProduktempfehlungen\nGutscheine\nAbnehmen\nDiabetes\nHom\u00f6opathie\nInfektionsschutz\nKosmetik & Pflege\nMedikamente\nMedizinprodukte / Wundversorgung\nNahrungserg\u00e4nzung & Vitalit\u00e4t\nSchwangerschaft & Kind\nTiermedizin\nZu Hause\nAlle Kategorien\nRezept einl\u00f6sen\nLeistungen\nE-Rezept\nPflegehilfsmittelversorgung\nKosmetiksortiment\nAlle Leistungen\nBeratung\n#### Beratungs/Gesundheitskampagnen ####\nRatgeber\nProduktempfehlungen\nAktuelles\n#### Frequenzkampagnen ####\nGutscheine\nStellenangebote\n\u00dcber uns\nApotheken\nApp\nStellenangebote\nAktuelles zum Thema Lieferengp\u00e4sse\n\u00dcber uns\nUnser Service\nE-Rezept\nDatenschutzerkl\u00e4rung Meta (Facebook Fanpage, Instagram)\nNotdienst\nKontakt & \u00d6ffnungszeiten\nAnmelden/Mein Konto\nTelefon\nE-Mail\nChat\nAnfahrt\nStartseite\nHom\u00f6opathie\nHom\u00f6opathie\nBachbl\u00fcten\nHom\u00f6opathische Einzelmittel\nHom\u00f6opathische Komplexmittel\nSch\u00fcssler Salze / Biochemie\nSpagyrik\nCarum Carvi Baby-K\u00fcmmelz\u00e4pfchen 10 ST\nP\u00e4dia GmbH\n9,55 \u20ac*\nEuphrasia Augentropfen 5X0.5 ML\nWALA Heilmittel GmbH\n7,25 \u20ac*\nGrundpreis: 2.900,00 \u20ac / l\nEuphrasia Augentropfen 30X0.5 ML\nWALA Heilmittel GmbH\n22,25 \u20ac*\nGrundpreis: 1.483,33 \u20ac / l\nVIBURCOL N 12 ST\nBiologische Heilmittel Heel GmbH\n12,25 \u20ac*\nOSANIT 7.5 G\nHERMES Arzneimittel GmbH\n11,25 \u20ac*\nGrundpreis: 1.500,00 \u20ac / kg\nCARTILAGO COMP 20 G\nWALA Heilmittel GmbH\n13,25 \u20ac*\nGrundpreis: 662,50 \u20ac / kg\nMeteoreisen Globuli velati 20 G\nWALA Heilmittel GmbH\n13,25 \u20ac*\nGrundpreis: 662,50 \u20ac / kg\nPlantago Hustensaft 90 ML\nWALA Heilmittel GmbH\n9,85 \u20ac*\nGrundpreis: 109,44 \u20ac / l\nInfludoron Streuk\u00fcgelchen 10 G\nWELEDA AG\n12,25 \u20ac*\nGrundpreis: 1.225,00 \u20ac / kg\nAgropyron Globuli velati 20 G\nWALA Heilmittel GmbH\n13,25 \u20ac*\nGrundpreis: 662,50 \u20ac / kg\nNeurexan 250 ST\nBiologische Heilmittel Heel GmbH\n60,45 \u20ac*\nMETAVIRULENT 50 ML\nmeta Fackler Arzneimittel GmbH\n14,65 \u20ac*\nGrundpreis: 293,00 \u20ac / l\nNeurexan 50 ST\nBiologische Heilmittel Heel GmbH\n15,85 \u20ac*\nBIOCHEMIE DHU 7 MAGNESIUM PHOSPHORICUM D 6 200 ST\nDHU-Arzneimittel GmbH & Co. KG\n11,65 \u20ac*\nAURUM/BELLADONNA COMP 20 G\nWALA Heilmittel GmbH\n13,25 \u20ac*\nGrundpreis: 662,50 \u20ac / kg\nHEKLA LAVA e lava D 6 80 ST\nDHU-Arzneimittel GmbH & Co. KG\n13,25 \u20ac*\nMeditonsin Tropfen 35 G\nMEDICE Arzneimittel P\u00fctter GmbH&Co.KG\n9,75 \u20ac*\nGrundpreis: 278,57 \u20ac / kg\nCalmedoron Streuk\u00fcgelchen 10 G\nWELEDA AG\n12,55 \u20ac*\nGrundpreis: 1.255,00 \u20ac / kg\nPH\u00d6NIX Thuja-Lachesis spag. 100 ML\nPH\u00d6NIX LABORATORIUM GmbH\n23,85 \u20ac*\nGrundpreis: 238,50 \u20ac / l\nARCHANGELICA COMP 20 G\nWALA Heilmittel GmbH\n13,25 \u20ac*\nGrundpreis: 662,50 \u20ac / kg\nBachbl\u00fcten Original Rescura Spray alkoholfrei 20 ML\nNelsons GmbH\n19,25 \u20ac*\nGrundpreis: 962,50 \u20ac / l\nSinusitis Hevert SL 40 ST\nHevert Arzneimittel GmbH & Co. KG\n12,75 \u20ac*\nARNICA D12 10 G\nDHU-Arzneimittel GmbH & Co. KG\n11,65 \u20ac*\nGrundpreis: 1.165,00 \u20ac / kg\nPH\u00d6NIX Solidago spag. 100 ML\nPH\u00d6NIX LABORATORIUM GmbH\n23,85 \u20ac*\nGrundpreis: 238,50 \u20ac / l\nTraumeel S 50 G\nBiologische Heilmittel Heel GmbH\n9,85 \u20ac*\nGrundpreis: 197,00 \u20ac / kg\nAURUM / Lavandula comp. 70 G\nWELEDA AG\n29,85 \u20ac*\nGrundpreis: 426,43 \u20ac / kg\nARGENTUM NITR D12 10 G\nDHU-Arzneimittel GmbH & Co. KG\n11,65 \u20ac*\nGrundpreis: 1.165,00 \u20ac / kg\nMeditonsin Tropfen 2X50 G\nMEDICE Arzneimittel P\u00fctter GmbH&Co.KG\n33,65 \u20ac*\nGrundpreis: 336,50 \u20ac / kg\nFORTAKEHL D 5 10 ML\nSANUM-KEHLBECK GmbH & Co. KG\n14,25 \u20ac*\nGrundpreis: 1.425,00 \u20ac / l\nOVARIA COMP 20 G\nWALA Heilmittel GmbH\n13,25 \u20ac*\nGrundpreis: 662,50 \u20ac / kg\nREGENAPLEX 200 A 15 ML\nREGENAPLEX GmbH\n15,25 \u20ac*\nGrundpreis: 1.016,67 \u20ac / l\nRestaxil 50 ML\nPharmaSGP GmbH\n44,95 \u20ac*\nGrundpreis: 899,00 \u20ac / l\nPH\u00d6NIX Urtica-Arsenicum spag. 50 ML\nPH\u00d6NIX LABORATORIUM GmbH\n15,65 \u20ac*\nGrundpreis: 313,00 \u20ac / l\nLymphomyosot N 100 ML\nBiologische Heilmittel Heel GmbH\n35,95 \u20ac*\nGrundpreis: 359,50 \u20ac / l\nPH\u00d6NIX Silybum spag. 100 ML\nPH\u00d6NIX LABORATORIUM GmbH\n23,85 \u20ac*\nGrundpreis: 238,50 \u20ac / l\nANGIN HEEL SD 50 ST\nBiologische Heilmittel Heel GmbH\n14,45 \u20ac*\nTRAUMEEL S 50 ST\nBiologische Heilmittel Heel GmbH\n14,25 \u20ac*\nAURUM/STIBIUM/HYOSCYAMUS 20 G\nWALA Heilmittel GmbH\n13,25 \u20ac*\nGrundpreis: 662,50 \u20ac / kg\nRestaxil 30 ML\nPharmaSGP GmbH\n28,85 \u20ac*\nGrundpreis: 961,67 \u20ac / l\nSTAPHISAGRIA D12 10 G\nDHU-Arzneimittel GmbH & Co. KG\n11,65 \u20ac*\nGrundpreis: 1.165,00 \u20ac / kg\nQUENTAKEHL D 5 10 ML\nSANUM-KEHLBECK GmbH & Co. KG\n14,25 \u20ac*\nGrundpreis: 1.425,00 \u20ac / l\nARNICA C30 10 G\nDHU-Arzneimittel GmbH & Co. KG\n12,25 \u20ac*\nGrundpreis: 1.225,00 \u20ac / kg\nGASTRICUMEEL 50 ST\nBiologische Heilmittel Heel GmbH\n14,35 \u20ac*\nCERES Crataegus Urt. 20 ML\nCERES Heilmittel GmbH\n26,65 \u20ac*\nGrundpreis: 1.332,50 \u20ac / l\nREGENAPLEX 67 15 ML\nREGENAPLEX GmbH\n15,25 \u20ac*\nGrundpreis: 1.016,67 \u20ac / l\nCHAMOMILLA D12 10 G\nDHU-Arzneimittel GmbH & Co. KG\n11,65 \u20ac*\nGrundpreis: 1.165,00 \u20ac / kg\nNeradin 20 ST\nPharmaSGP GmbH\n34,75 \u20ac*\nMeditonsin Globuli 8 G\nMEDICE Arzneimittel P\u00fctter GmbH&Co.KG\n15,25 \u20ac*\nGrundpreis: 1.906,25 \u20ac / kg\nKlosterfrau Allergin 50 ST\nMCM KLOSTERFRAU Vertr. GmbH\n12,55 \u20ac*\nKlimaktoplant N 100 ST\nDHU-Arzneimittel GmbH & Co. KG\n19,25 \u20ac*\nweiter\nChat \u00f6ffnen\nAktuelle Antwortzeit: 1 Tag\nDatenschutz akzeptieren\nHiermit willige ich in die Verarbeitung meiner Daten \u00fcber diese Chat-Funktion ein. Meine Daten werden ausschlie\u00dflich f\u00fcr die Kontaktaufnahme und Bearbeitung meines Anliegens verarbeitet. Rechtsgrundlage ist Art. 6 Abs. 1 S. 1 lit. a DSGVO.\nDiese Angabe ist freiwillig und jederzeit f\u00fcr die Zukunft widerrufbar. Bei Nichterteilung oder Widerruf kann ich die angebotene Chat-Funktion allerdings nicht verwenden. Weitere Hinweise zur Datenverarbeitung und meinen Rechten finde ich in der\nDatenschutzerkl\u00e4rung\n.\nBest\u00e4tigen\nF\u00fcr diese Funktion ben\u00f6tigen Sie ein aktuelles Betriebssystem (mind. Android 7 oder iOS/ipadOS 15)\nok verstanden\nJetzt App herunterladen", "language": null, "image": null, "pagetype": null, "links": ["https://www.mohren-apotheke-sued.de/#address-map", "tel:+49 911 944 56 0", "mailto:info@mohren-apotheke-sued.de", "https://www.mohren-apotheke-sued.de/kontakt/#openings", "https://www.mohren-apotheke-sued.de/", "https://www.mohren-apotheke-sued.de/", "https://www.mohren-apotheke-sued.de/shop/rezept/", "https://www.mohren-apotheke-sued.de/anwendung/", "https://www.mohren-apotheke-sued.de/konto/", "https://www.mohren-apotheke-sued.de/warenkorb/", "#0", "https://www.mohren-apotheke-sued.de/anwendung/", "https://www.mohren-apotheke-sued.de/angebote/", "https://www.mohren-apotheke-sued.de/gutscheine/", "https://www.mohren-apotheke-sued.de/anwendung/1/", "https://www.mohren-apotheke-sued.de/anwendung/135/", "https://www.mohren-apotheke-sued.de/anwendung/14/", "https://www.mohren-apotheke-sued.de/anwendung/1137/", "https://www.mohren-apotheke-sued.de/anwendung/141/", "https://www.mohren-apotheke-sued.de/anwendung/128/", "https://www.mohren-apotheke-sued.de/anwendung/166/", "https://www.mohren-apotheke-sued.de/anwendung/125/", "https://www.mohren-apotheke-sued.de/anwendung/21/", "https://www.mohren-apotheke-sued.de/anwendung/146/", "https://www.mohren-apotheke-sued.de/anwendung/615/", "https://www.mohren-apotheke-sued.de/anwendung/", "https://www.mohren-apotheke-sued.de/shop/rezept/", "https://www.mohren-apotheke-sued.de/leistungen/", "https://www.mohren-apotheke-sued.de/leistungen/erezept/", "https://www.mohren-apotheke-sued.de/pflegehilfsmittelversorgung/", "https://www.mohren-apotheke-sued.de/leistungen/kosmetiksortiment/", "https://www.mohren-apotheke-sued.de/leistungen/", "https://www.mohren-apotheke-sued.de/gesundheitsbibliothek/", "https://www.mohren-apotheke-sued.de/angebote/", "https://www.mohren-apotheke-sued.de/gutscheine/", "https://www.mohren-apotheke-sued.de/stellenangebote/", "https://www.mohren-apotheke-sued.de/unsere_apotheke/", "https://www.mohren-apotheke-sued.de/apotheken/", "https://www.mohren-apotheke-sued.de/app/", "https://www.mohren-apotheke-sued.de/stellenangebote/", "https://www.mohren-apotheke-sued.de/website/seite/aktuelles-zum-thema-lieferengpaesse-2737/", "https://www.mohren-apotheke-sued.de/website/seite/ueber-uns-2738/", "https://www.mohren-apotheke-sued.de/website/seite/unser-service-2739/", "https://www.mohren-apotheke-sued.de/website/seite/e-rezept-4086/", "https://www.mohren-apotheke-sued.de/website/seite/datenschutzerklaerung-meta-facebook-fanpage-instagram--5401/", "http://www.lak-bayern.notdienst-portal.de/blakportal/", "https://www.mohren-apotheke-sued.de/kontakt/", "https://www.mohren-apotheke-sued.de/konto/", "tel:+49 911 944 56 0", "mailto:info@mohren-apotheke-sued.de", "https://www.mohren-apotheke-sued.de//website/?openchat=true", "https://www.mohren-apotheke-sued.de/kontakt/#address-map", "https://www.mohren-apotheke-sued.de/", "https://www.mohren-apotheke-sued.de/anwendung/127/", "https://www.mohren-apotheke-sued.de/anwendung/138/", "https://www.mohren-apotheke-sued.de/anwendung/139/", "https://www.mohren-apotheke-sued.de/anwendung/126/", "https://www.mohren-apotheke-sued.de/anwendung/804/", "https://www.mohren-apotheke-sued.de/produkt/13229431/", "https://www.mohren-apotheke-sued.de/produkt/01448174/", "https://www.mohren-apotheke-sued.de/produkt/01448168/", "https://www.mohren-apotheke-sued.de/produkt/00676387/", "https://www.mohren-apotheke-sued.de/produkt/01296824/", "https://www.mohren-apotheke-sued.de/produkt/08784923/", "https://www.mohren-apotheke-sued.de/produkt/01448352/", "https://www.mohren-apotheke-sued.de/produkt/01448435/", "https://www.mohren-apotheke-sued.de/produkt/09647424/", "https://www.mohren-apotheke-sued.de/produkt/01447861/", "https://www.mohren-apotheke-sued.de/produkt/04115289/", "https://www.mohren-apotheke-sued.de/produkt/01358241/", "https://www.mohren-apotheke-sued.de/produkt/04143009/", "https://www.mohren-apotheke-sued.de/produkt/02580697/", "https://www.mohren-apotheke-sued.de/produkt/08784225/", "https://www.mohren-apotheke-sued.de/produkt/11111613/", "https://www.mohren-apotheke-sued.de/produkt/10192710/", "https://www.mohren-apotheke-sued.de/produkt/09605236/", "https://www.mohren-apotheke-sued.de/produkt/04223895/", "https://www.mohren-apotheke-sued.de/produkt/08783697/", "https://www.mohren-apotheke-sued.de/produkt/16391793/", "https://www.mohren-apotheke-sued.de/produkt/02784980/", "https://www.mohren-apotheke-sued.de/produkt/02110230/", "https://www.mohren-apotheke-sued.de/produkt/04223731/", "https://www.mohren-apotheke-sued.de/produkt/01288865/", "https://www.mohren-apotheke-sued.de/produkt/05486674/", "https://www.mohren-apotheke-sued.de/produkt/02801023/", "https://www.mohren-apotheke-sued.de/produkt/10192733/", "https://www.mohren-apotheke-sued.de/produkt/03207173/", "https://www.mohren-apotheke-sued.de/produkt/08786879/", "https://www.mohren-apotheke-sued.de/produkt/02643765/", "https://www.mohren-apotheke-sued.de/produkt/11222324/", "https://www.mohren-apotheke-sued.de/produkt/04223949/", "https://www.mohren-apotheke-sued.de/produkt/01674634/", "https://www.mohren-apotheke-sued.de/produkt/04223719/", "https://www.mohren-apotheke-sued.de/produkt/08412268/", "https://www.mohren-apotheke-sued.de/produkt/03515288/", "https://www.mohren-apotheke-sued.de/produkt/08784260/", "https://www.mohren-apotheke-sued.de/produkt/12895108/", "https://www.mohren-apotheke-sued.de/produkt/02890481/", "https://www.mohren-apotheke-sued.de/produkt/03207227/", "https://www.mohren-apotheke-sued.de/produkt/02801069/", "https://www.mohren-apotheke-sued.de/produkt/00407635/", "https://www.mohren-apotheke-sued.de/produkt/00178815/", "https://www.mohren-apotheke-sued.de/produkt/02643216/", "https://www.mohren-apotheke-sued.de/produkt/01764900/", "https://www.mohren-apotheke-sued.de/produkt/11024340/", "https://www.mohren-apotheke-sued.de/produkt/11484834/", "https://www.mohren-apotheke-sued.de/produkt/05961218/", "https://www.mohren-apotheke-sued.de/produkt/04187656/", "?p=2", "https://www.mohren-apotheke-sued.de/angebote/", "https://www.mohren-apotheke-sued.de/gutscheine/", "https://www.mohren-apotheke-sued.de/shop/rezept/", "https://www.mohren-apotheke-sued.de/kontakt#openings", "http://www.lak-bayern.notdienst-portal.de/blakportal/", "https://www.mohren-apotheke-sued.de/kontakt", "https://www.mohren-apotheke-sued.de/apotheken/", "https://www.mohren-apotheke-sued.de/leistungen/", "https://www.mohren-apotheke-sued.de/stellenangebote/", "https://www.mohren-apotheke-sued.de/gesundheitsbibliothek/", "https://www.facebook.com/MohrenApotheke", "https://www.instagram.com/mohren_apotheke_suedstadt/", "https://www.mohren-apotheke-sued.de/info/impressum/", "https://www.mohren-apotheke-sued.de/info/datenschutz/", "https://www.mohren-apotheke-sued.de/info/bildnachweis/", "https://www.mohren-apotheke-sued.de/info/zahlung/", "https://www.mohren-apotheke-sued.de/info/versandkosten/", "https://www.mohren-apotheke-sued.de/info/agb/", "https://www.mohren-apotheke-sued.de/info/agb/#para11", "https://apps.apple.com/us/app/mohren-apotheke-suedstadt/id1660774728", "https://play.google.com/store/apps/details?id=com.apo2u.apo9443.app", "mailto:info@mohren-apotheke-sued.de", "tel:+49 911 944 56 0", "https://www.mohren-apotheke-sued.de/info/datenschutz/", "https://www.mohren-apotheke-sued.de/app/"]}