{"title": "Hom\u00f6opathie", "author": null, "url": null, "hostname": null, "description": null, "sitename": "\u00dcsenberg-Apotheke Kenzingen", "date": "2023-01-01", "id": null, "license": null, "body": null, "comments": "", "commentsbody": null, "raw_text": null, "text": "\u00dcsenberg-Apotheke\nEisenbahnstr. 45\n79341 Kenzingen\nTel: 07644/6178\nE-Mail: uesenberg-apotheke@t-online.de\nStartseite\nRezept\nSortiment\nKonto\n0\nWarenkorb\nMen\u00fc\nMen\u00fc schlie\u00dfen\nShop/Reservierung\nProduktempfehlungen\nGutscheine\nAbnehmen\nDiabetes\nHom\u00f6opathie\nInfektionsschutz\nKosmetik & Pflege\nMedikamente\nMedizinprodukte / Wundversorgung\nNahrungserg\u00e4nzung & Vitalit\u00e4t\nSchwangerschaft & Kind\nTiermedizin\nZu Hause\nAlle Kategorien\nRezept einl\u00f6sen\nLeistungen\nE-Rezept\nKosmetiksortiment\nAlle Leistungen\nBeratung\n#### Beratungs/Gesundheitskampagnen ####\nProduktempfehlungen\n\u00dcber uns\nTeam\nNotdienst\nKontakt & \u00d6ffnungszeiten\nAnmelden/Mein Konto\nTelefon\nE-Mail\nChat\nAnfahrt\nStartseite\nHom\u00f6opathie\nHom\u00f6opathie\nBachbl\u00fcten\nHom\u00f6opathische Einzelmittel\nHom\u00f6opathische Komplexmittel\nSch\u00fcssler Salze / Biochemie\nSpagyrik\nCarum Carvi Baby-K\u00fcmmelz\u00e4pfchen 10 ST\nP\u00e4dia GmbH\n8,65 \u20ac*\nEuphrasia Augentropfen 5X0.5 ML\nWALA Heilmittel GmbH\n6,38 \u20ac*\nGrundpreis: 2.552,00 \u20ac / l\nEuphrasia Augentropfen 30X0.5 ML\nWALA Heilmittel GmbH\n20,85 \u20ac*\nGrundpreis: 1.390,00 \u20ac / l\nVIBURCOL N 12 ST\nBiologische Heilmittel Heel GmbH\n10,97 \u20ac*\nOSANIT 7.5 G\nHERMES Arzneimittel GmbH\n9,94 \u20ac*\nGrundpreis: 1.325,33 \u20ac / kg\nCARTILAGO COMP 20 G\nWALA Heilmittel GmbH\n12,32 \u20ac*\nGrundpreis: 616,00 \u20ac / kg\nMeteoreisen Globuli velati 20 G\nWALA Heilmittel GmbH\n11,51 \u20ac*\nGrundpreis: 575,50 \u20ac / kg\nPlantago Hustensaft 90 ML\nWALA Heilmittel GmbH\n7,79 \u20ac*\nGrundpreis: 86,56 \u20ac / l\nInfludoron Streuk\u00fcgelchen 10 G\nWELEDA AG\n11,50 \u20ac*\nGrundpreis: 1.150,00 \u20ac / kg\nAgropyron Globuli velati 20 G\nWALA Heilmittel GmbH\n11,51 \u20ac*\nGrundpreis: 575,50 \u20ac / kg\nNeurexan 250 ST\nBiologische Heilmittel Heel GmbH\n59,20 \u20ac*\nMETAVIRULENT 50 ML\nmeta Fackler Arzneimittel GmbH\n13,78 \u20ac*\nGrundpreis: 275,60 \u20ac / l\nNeurexan 50 ST\nBiologische Heilmittel Heel GmbH\n14,29 \u20ac*\nBIOCHEMIE DHU 7 MAGNESIUM PHOSPHORICUM D 6 200 ST\nDHU-Arzneimittel GmbH & Co. KG\n9,90 \u20ac*\nAURUM/BELLADONNA COMP 20 G\nWALA Heilmittel GmbH\n12,32 \u20ac*\nGrundpreis: 616,00 \u20ac / kg\nHEKLA LAVA e lava D 6 80 ST\nDHU-Arzneimittel GmbH & Co. KG\n11,40 \u20ac*\nMeditonsin Tropfen 35 G\nMEDICE Arzneimittel P\u00fctter GmbH&Co.KG\n11,97 \u20ac*\nGrundpreis: 342,00 \u20ac / kg\nCalmedoron Streuk\u00fcgelchen 10 G\nWELEDA AG\n11,80 \u20ac*\nGrundpreis: 1.180,00 \u20ac / kg\nPH\u00d6NIX Thuja-Lachesis spag. 100 ML\nPH\u00d6NIX LABORATORIUM GmbH\n23,10 \u20ac*\nGrundpreis: 231,00 \u20ac / l\nARCHANGELICA COMP 20 G\nWALA Heilmittel GmbH\n11,51 \u20ac*\nGrundpreis: 575,50 \u20ac / kg\nBachbl\u00fcten Original Rescura Spray alkoholfrei 20 ML\nNelsons GmbH\n18,55 \u20ac*\nGrundpreis: 927,50 \u20ac / l\nSinusitis Hevert SL 40 ST\nHevert Arzneimittel GmbH & Co. KG\n10,91 \u20ac*\nARNICA D12 10 G\nDHU-Arzneimittel GmbH & Co. KG\n10,20 \u20ac*\nGrundpreis: 1.020,00 \u20ac / kg\nPH\u00d6NIX Solidago spag. 100 ML\nPH\u00d6NIX LABORATORIUM GmbH\n23,10 \u20ac*\nGrundpreis: 231,00 \u20ac / l\nTraumeel S 50 G\nBiologische Heilmittel Heel GmbH\n7,96 \u20ac*\nGrundpreis: 159,20 \u20ac / kg\nAURUM / Lavandula comp. 70 G\nWELEDA AG\n29,99 \u20ac*\nGrundpreis: 428,43 \u20ac / kg\nARGENTUM NITR D12 10 G\nDHU-Arzneimittel GmbH & Co. KG\n10,98 \u20ac*\nGrundpreis: 1.098,00 \u20ac / kg\nMeditonsin Tropfen 2X50 G\nMEDICE Arzneimittel P\u00fctter GmbH&Co.KG\n32,97 \u20ac*\nGrundpreis: 329,70 \u20ac / kg\nFORTAKEHL D 5 10 ML\nSANUM-KEHLBECK GmbH & Co. KG\n13,40 \u20ac*\nGrundpreis: 1.340,00 \u20ac / l\nOVARIA COMP 20 G\nWALA Heilmittel GmbH\n12,32 \u20ac*\nGrundpreis: 616,00 \u20ac / kg\nREGENAPLEX 200 A 15 ML\nREGENAPLEX GmbH\n14,60 \u20ac*\nGrundpreis: 973,33 \u20ac / l\nRestaxil 50 ML\nPharmaSGP GmbH\n43,99 \u20ac*\nGrundpreis: 879,80 \u20ac / l\nPH\u00d6NIX Urtica-Arsenicum spag. 50 ML\nPH\u00d6NIX LABORATORIUM GmbH\n14,70 \u20ac*\nGrundpreis: 294,00 \u20ac / l\nLymphomyosot N 100 ML\nBiologische Heilmittel Heel GmbH\n35,20 \u20ac*\nGrundpreis: 352,00 \u20ac / l\nPH\u00d6NIX Silybum spag. 100 ML\nPH\u00d6NIX LABORATORIUM GmbH\n23,10 \u20ac*\nGrundpreis: 231,00 \u20ac / l\nANGIN HEEL SD 50 ST\nBiologische Heilmittel Heel GmbH\n12,97 \u20ac*\nTRAUMEEL S 50 ST\nBiologische Heilmittel Heel GmbH\n9,97 \u20ac*\nAURUM/STIBIUM/HYOSCYAMUS 20 G\nWALA Heilmittel GmbH\n12,32 \u20ac*\nGrundpreis: 616,00 \u20ac / kg\nRestaxil 30 ML\nPharmaSGP GmbH\n27,99 \u20ac*\nGrundpreis: 933,00 \u20ac / l\nSTAPHISAGRIA D12 10 G\nDHU-Arzneimittel GmbH & Co. KG\n10,98 \u20ac*\nGrundpreis: 1.098,00 \u20ac / kg\nQUENTAKEHL D 5 10 ML\nSANUM-KEHLBECK GmbH & Co. KG\n13,40 \u20ac*\nGrundpreis: 1.340,00 \u20ac / l\nARNICA C30 10 G\nDHU-Arzneimittel GmbH & Co. KG\n10,69 \u20ac*\nGrundpreis: 1.069,00 \u20ac / kg\nGASTRICUMEEL 50 ST\nBiologische Heilmittel Heel GmbH\n13,53 \u20ac*\nCERES Crataegus Urt. 20 ML\nCERES Heilmittel GmbH\n25,80 \u20ac*\nGrundpreis: 1.290,00 \u20ac / l\nREGENAPLEX 67 15 ML\nREGENAPLEX GmbH\n14,60 \u20ac*\nGrundpreis: 973,33 \u20ac / l\nCHAMOMILLA D12 10 G\nDHU-Arzneimittel GmbH & Co. KG\n10,98 \u20ac*\nGrundpreis: 1.098,00 \u20ac / kg\nNeradin 20 ST\nPharmaSGP GmbH\n33,99 \u20ac*\nMeditonsin Globuli 8 G\nMEDICE Arzneimittel P\u00fctter GmbH&Co.KG\n12,95 \u20ac*\nGrundpreis: 1.618,75 \u20ac / kg\nKlosterfrau Allergin 50 ST\nMCM KLOSTERFRAU Vertr. GmbH\n11,80 \u20ac*\nKlimaktoplant N 100 ST\nDHU-Arzneimittel GmbH & Co. KG\n17,50 \u20ac*\nweiter\nChat \u00f6ffnen\nAktuelle Antwortzeit: 1 Tag\nDatenschutz akzeptieren\nHiermit willige ich in die Verarbeitung meiner Daten \u00fcber diese Chat-Funktion ein. Meine Daten werden ausschlie\u00dflich f\u00fcr die Kontaktaufnahme und Bearbeitung meines Anliegens verarbeitet. Rechtsgrundlage ist Art. 6 Abs. 1 S. 1 lit. a DSGVO.\nDiese Angabe ist freiwillig und jederzeit f\u00fcr die Zukunft widerrufbar. Bei Nichterteilung oder Widerruf kann ich die angebotene Chat-Funktion allerdings nicht verwenden. Weitere Hinweise zur Datenverarbeitung und meinen Rechten finde ich in der\nDatenschutzerkl\u00e4rung\n.\nBest\u00e4tigen\nF\u00fcr diese Funktion ben\u00f6tigen Sie ein aktuelles Betriebssystem (mind. Android 7 oder iOS/ipadOS 15)\nok verstanden", "language": null, "image": null, "pagetype": null, "links": ["https://www.apotheke-kenzingen.de/#address-map", "tel:07644/6178", "mailto:uesenberg-apotheke@t-online.de", "https://www.apotheke-kenzingen.de/kontakt/#openings", "https://www.apotheke-kenzingen.de/", "https://www.apotheke-kenzingen.de/", "https://www.apotheke-kenzingen.de/shop/rezept/", "https://www.apotheke-kenzingen.de/anwendung/", "https://www.apotheke-kenzingen.de/konto/", "https://www.apotheke-kenzingen.de/warenkorb/", "#0", "https://www.apotheke-kenzingen.de/anwendung/", "https://www.apotheke-kenzingen.de/angebote/", "https://www.apotheke-kenzingen.de/gutscheine/", "https://www.apotheke-kenzingen.de/anwendung/1/", "https://www.apotheke-kenzingen.de/anwendung/135/", "https://www.apotheke-kenzingen.de/anwendung/14/", "https://www.apotheke-kenzingen.de/anwendung/1137/", "https://www.apotheke-kenzingen.de/anwendung/141/", "https://www.apotheke-kenzingen.de/anwendung/128/", "https://www.apotheke-kenzingen.de/anwendung/166/", "https://www.apotheke-kenzingen.de/anwendung/125/", "https://www.apotheke-kenzingen.de/anwendung/21/", "https://www.apotheke-kenzingen.de/anwendung/146/", "https://www.apotheke-kenzingen.de/anwendung/615/", "https://www.apotheke-kenzingen.de/anwendung/", "https://www.apotheke-kenzingen.de/shop/rezept/", "https://www.apotheke-kenzingen.de/leistungen/", "https://www.apotheke-kenzingen.de/leistungen/erezept/", "https://www.apotheke-kenzingen.de/leistungen/kosmetiksortiment/", "https://www.apotheke-kenzingen.de/leistungen/", "https://www.apotheke-kenzingen.de/angebote/", "https://www.apotheke-kenzingen.de/unsere_apotheke/", "https://www.apotheke-kenzingen.de/team/", "https://www.aponet.de/service/notdienstapotheke-finden/suchergebnis/0/79341.html", "https://www.apotheke-kenzingen.de/kontakt/", "https://www.apotheke-kenzingen.de/konto/", "tel:07644/6178", "mailto:uesenberg-apotheke@t-online.de", "https://www.apotheke-kenzingen.de//website/?openchat=true", "https://www.apotheke-kenzingen.de/kontakt/#address-map", "https://www.apotheke-kenzingen.de/", "https://www.apotheke-kenzingen.de/anwendung/127/", "https://www.apotheke-kenzingen.de/anwendung/138/", "https://www.apotheke-kenzingen.de/anwendung/139/", "https://www.apotheke-kenzingen.de/anwendung/126/", "https://www.apotheke-kenzingen.de/anwendung/804/", "https://www.apotheke-kenzingen.de/produkt/13229431/", "https://www.apotheke-kenzingen.de/produkt/01448174/", "https://www.apotheke-kenzingen.de/produkt/01448168/", "https://www.apotheke-kenzingen.de/produkt/00676387/", "https://www.apotheke-kenzingen.de/produkt/01296824/", "https://www.apotheke-kenzingen.de/produkt/08784923/", "https://www.apotheke-kenzingen.de/produkt/01448352/", "https://www.apotheke-kenzingen.de/produkt/01448435/", "https://www.apotheke-kenzingen.de/produkt/09647424/", "https://www.apotheke-kenzingen.de/produkt/01447861/", "https://www.apotheke-kenzingen.de/produkt/04115289/", "https://www.apotheke-kenzingen.de/produkt/01358241/", "https://www.apotheke-kenzingen.de/produkt/04143009/", "https://www.apotheke-kenzingen.de/produkt/02580697/", "https://www.apotheke-kenzingen.de/produkt/08784225/", "https://www.apotheke-kenzingen.de/produkt/11111613/", "https://www.apotheke-kenzingen.de/produkt/10192710/", "https://www.apotheke-kenzingen.de/produkt/09605236/", "https://www.apotheke-kenzingen.de/produkt/04223895/", "https://www.apotheke-kenzingen.de/produkt/08783697/", "https://www.apotheke-kenzingen.de/produkt/16391793/", "https://www.apotheke-kenzingen.de/produkt/02784980/", "https://www.apotheke-kenzingen.de/produkt/02110230/", "https://www.apotheke-kenzingen.de/produkt/04223731/", "https://www.apotheke-kenzingen.de/produkt/01288865/", "https://www.apotheke-kenzingen.de/produkt/05486674/", "https://www.apotheke-kenzingen.de/produkt/02801023/", "https://www.apotheke-kenzingen.de/produkt/10192733/", "https://www.apotheke-kenzingen.de/produkt/03207173/", "https://www.apotheke-kenzingen.de/produkt/08786879/", "https://www.apotheke-kenzingen.de/produkt/02643765/", "https://www.apotheke-kenzingen.de/produkt/11222324/", "https://www.apotheke-kenzingen.de/produkt/04223949/", "https://www.apotheke-kenzingen.de/produkt/01674634/", "https://www.apotheke-kenzingen.de/produkt/04223719/", "https://www.apotheke-kenzingen.de/produkt/08412268/", "https://www.apotheke-kenzingen.de/produkt/03515288/", "https://www.apotheke-kenzingen.de/produkt/08784260/", "https://www.apotheke-kenzingen.de/produkt/12895108/", "https://www.apotheke-kenzingen.de/produkt/02890481/", "https://www.apotheke-kenzingen.de/produkt/03207227/", "https://www.apotheke-kenzingen.de/produkt/02801069/", "https://www.apotheke-kenzingen.de/produkt/00407635/", "https://www.apotheke-kenzingen.de/produkt/00178815/", "https://www.apotheke-kenzingen.de/produkt/02643216/", "https://www.apotheke-kenzingen.de/produkt/01764900/", "https://www.apotheke-kenzingen.de/produkt/11024340/", "https://www.apotheke-kenzingen.de/produkt/11484834/", "https://www.apotheke-kenzingen.de/produkt/05961218/", "https://www.apotheke-kenzingen.de/produkt/04187656/", "?p=2", "https://www.apotheke-kenzingen.de/angebote/", "https://www.apotheke-kenzingen.de/gutscheine/", "https://www.apotheke-kenzingen.de/shop/rezept/", "https://www.apotheke-kenzingen.de/kontakt#openings", "https://www.aponet.de/service/notdienstapotheke-finden/suchergebnis/0/79341.html", "https://www.apotheke-kenzingen.de/kontakt", "https://www.apotheke-kenzingen.de/leistungen/", "https://www.apotheke-kenzingen.de/team/", "https://www.facebook.com/profile.php?id=100064101309897", "https://www.apotheke-kenzingen.de/info/impressum/", "https://www.apotheke-kenzingen.de/info/datenschutz/", "https://www.apotheke-kenzingen.de/info/bildnachweis/", "https://www.apotheke-kenzingen.de/info/zahlung/", "https://www.apotheke-kenzingen.de/info/versandkosten/", "https://www.apotheke-kenzingen.de/info/agb/", "https://www.apotheke-kenzingen.de/info/agb/#para11", "mailto:uesenberg-apotheke@t-online.de", "tel:07644/6178", "https://www.apotheke-kenzingen.de/info/datenschutz/"]}