{"title": "Versandapotheke mediherz.de - deutsche Internetapotheke - Online-Apotheke Shop", "author": null, "url": null, "hostname": null, "description": "Ihre freundliche Versandapotheke - bestellen Sie Ihre Medikamente bei uns einfach online!", "sitename": "www.mediherz-shop.de", "date": "2023-10-27", "id": null, "license": null, "body": null, "comments": "", "commentsbody": null, "raw_text": null, "text": "[REGAINE\u00ae M\u00e4nner Schaum mit Minoxidil 3](https://www.mediherz-shop.de/bei-haarausfall/pzn-09100275/regaine-maenner-schaum-50-mg-g-3x60ml)\n- Verf\u00fcgbarkeit:\n- Sofort lieferbar\n- Ihr Preis:\n- 81,98 \u20ac1)\n- 57,29 \u20ac*\n- - 30% 2)\n- 318,28 \u20ac pro 1 l\n[ALGOVIR Effekt Erk\u00e4ltungsspray](https://www.mediherz-shop.de/pzn-12579956/algovir-effekt-erkaeltungsspray-20ml)\n- Verf\u00fcgbarkeit:\n- Sofort lieferbar\n- Ihr Preis:\n- 13,95 \u20ac4)\n- 11,71 \u20ac*\n- - 16% 2)\n- 585,50 \u20ac pro 1 l\n[DOLO-DOBENDAN Lutschtabletten bei Halsschmerzen 3](https://www.mediherz-shop.de/pzn-12700079/dolo-dobendan-lutschtabletten-bei-halsschmerzen-36st)\n- Verf\u00fcgbarkeit:\n- Sofort lieferbar\n- Ihr Preis:\n- 14,98 \u20ac1)\n- 8,07 \u20ac*\n- - 46% 2)\n[REGAINE\u00ae Frauen L\u00f6sung mit Minoxidil 3](https://www.mediherz-shop.de/bei-haarausfall/pzn-01997030/regaine\u00ae-frauen-loesung-3x60-ml-mit-minoxidil-3x60ml)\n- Verf\u00fcgbarkeit:\n- Sofort lieferbar\n- Ihr Preis:\n- 67,97 \u20ac1)\n- 47,28 \u20ac*\n- - 30% 2)\n- 262,67 \u20ac pro 1 l\n[DOBENDAN Direkt Flurbiprofen Spray bei Halsschmerzen 3](https://www.mediherz-shop.de/erkaeltung-und-schmerzen/pzn-11024417/dobendan-direkt-flurbiprofen-spray-bei-halsschmerzen-15ml)\n- Verf\u00fcgbarkeit:\n- Sofort lieferbar\n- Ihr Preis:\n- 14,98 \u20ac1)\n- 9,42 \u20ac*\n- - 37% 2)\n- 628,00 \u20ac pro 1 l\n[FOLS\u00c4URE AL 5 mg Tabletten 3](https://www.mediherz-shop.de/pzn-17844742/folsaeure-al-5-mg-tabletten-100st)\n- Verf\u00fcgbarkeit:\n- Sofort lieferbar\n- Ihr Preis:\n- 14,02 \u20ac1)\n- 10,58 \u20ac*\n- - 25% 2)\n[Vivinox SLEEP stark Schlaftabletten bei Schlafst\u00f6rungen 3](https://www.mediherz-shop.de/beruhigung-und-schlafen/pzn-02083906/vivinox-sleep-schlaftabletten-stark-20st)\n- Verf\u00fcgbarkeit:\n- Sofort lieferbar\n- Ihr Preis:\n- 11,57 \u20ac1)\n- 7,19 \u20ac*\n- - 38% 2)\n[Vivimed mit Coffein gegen Kopfschmerzen, Schmerztabletten 3](https://www.mediherz-shop.de/kopfschmerzen-und-migraene/pzn-00410330/vivimed-mit-coffein-gegen-kopfschmerzen-tabletten-30st)\n- Verf\u00fcgbarkeit:\n- Sofort lieferbar\n- Ihr Preis:\n- 9,96 \u20ac1)\n- 6,19 \u20ac*\n- - 38% 2)\n[BASICA direkt basische Mikroperlen](https://www.mediherz-shop.de/pzn-12472514/basica-direkt-basische-mikroperlen-80x2-8g)\n- Verf\u00fcgbarkeit:\n- Sofort lieferbar\n- Ihr Preis:\n- 37,95 \u20ac4)\n- 28,07 \u20ac*\n- - 26% 2)\n[ROCHE-POSAY Anthelios hydratisie.Cr.UVMune LSF 50+](https://www.mediherz-shop.de/pzn-17636601/roche-posay-anthelios-hydratisie-cr-uvmune-lsf-50-50ml)\n- Verf\u00fcgbarkeit:\n- Sofort lieferbar\n- Ihr Preis:\n- 22,90 \u20ac4)\n- 17,14 \u20ac*\n- - 25% 2)\n- 342,80 \u20ac pro 1 l\n[ROCHE-POSAY trockene Haut Routine-Set](https://www.mediherz-shop.de/pzn-17618158/roche-posay-trockene-haut-routine-set-1p)\n- Verf\u00fcgbarkeit:\n- Sofort lieferbar\n- Ihr Preis:\n- 32,30 \u20ac4)\n- 28,10 \u20ac*\n- - 13% 2)\n[AVENE Cleanance Comedomed Anti-Unreinheiten-Konzentrat](https://www.mediherz-shop.de/pzn-15205860/avene-cleanance-comedomed-anti-unreinheiten-konz-30ml)\n+ Gratis Avene Cleanance Reinigungsgel 100ml30 ml PIERRE FABRE DERMO KOSMETIK GmbH Artikelnr. 15205860\n**Nur solange der Vorrat reicht!!**\n**Nur solange der Vorrat reicht!!**\n- Verf\u00fcgbarkeit:\n- Sofort lieferbar\n- Ihr Preis:\n- 19,50 \u20ac4)\n- 15,47 \u20ac*\n- - 21% 2)\n- 515,67 \u20ac pro 1 l\n[AVENE Cleanance WOMEN gl\u00e4ttende Nachtcreme](https://www.mediherz-shop.de/pzn-15613056/avene-cleanance-women-glaettende-nachtcreme-30ml)\n+ Gratis Avene Cleanance Reinigungsgel 100ml30 ml PIERRE FABRE DERMO KOSMETIK GmbH Artikelnr. 15613056\n**Nur solange der Vorrat reicht!!**\n**Nur solange der Vorrat reicht!!**\n- Verf\u00fcgbarkeit:\n- Sofort lieferbar\n- Ihr Preis:\n- 24,50 \u20ac4)\n- 18,09 \u20ac*\n- - 26% 2)\n- 603,00 \u20ac pro 1 l\n[AVENE Cleanance WOMEN korrigierendes Serum](https://www.mediherz-shop.de/pzn-15613062/avene-cleanance-women-korrigierendes-serum-30ml)\n+ Gratis Avene Cleanance Reinigungsgel 100ml30 ml PIERRE FABRE DERMO KOSMETIK GmbH Artikelnr. 15613062\n**Nur solange der Vorrat reicht!!**\n**Nur solange der Vorrat reicht!!**\n- Verf\u00fcgbarkeit:\n- Sofort lieferbar\n- Ihr Preis:\n- 25,50 \u20ac4)\n- 19,29 \u20ac*\n- - 24% 2)\n- 643,00 \u20ac pro 1 l\n[AVENE Cleanance Mizellen Reinigungslotion](https://www.mediherz-shop.de/pzn-16021441/avene-cleanance-mizellen-reinigungslotion-400ml)\n+ Gratis Avene Cleanance Reinigungsgel 100ml400 ml PIERRE FABRE DERMO KOSMETIK GmbH Artikelnr. 16021441\n**Nur solange der Vorrat reicht!!**\n**Nur solange der Vorrat reicht!!**\n- Verf\u00fcgbarkeit:\n- Sofort lieferbar\n- Ihr Preis:\n- 20,90 \u20ac4)\n- 15,01 \u20ac*\n- - 28% 2)\n- 37,53 \u20ac pro 1 l\n[AVENE Cleanance mattierende Emulsion](https://www.mediherz-shop.de/pzn-16046464/avene-cleanance-mattierende-emulsion-40ml)\n+ Gratis Avene Cleanance Reinigungsgel 100ml40 ml PIERRE FABRE DERMO KOSMETIK GmbH Artikelnr. 16046464\n**Nur solange der Vorrat reicht!!**\n**Nur solange der Vorrat reicht!!**\n- Verf\u00fcgbarkeit:\n- Sofort lieferbar\n- Ihr Preis:\n- 18,50 \u20ac4)\n- 13,58 \u20ac*\n- - 27% 2)\n- 339,50 \u20ac pro 1 l\n[AVENE Cleanance WOMEN get\u00f6nte Tagespflege SPF30](https://www.mediherz-shop.de/pzn-16658693/avene-cleanance-women-getoente-tagespflege-spf30-40ml)\n+ Gratis Avene Cleanance Reinigungsgel 100ml40 ml PIERRE FABRE DERMO KOSMETIK GmbH Artikelnr. 16658693\n**Nur solange der Vorrat reicht!!**\n**Nur solange der Vorrat reicht!!**\n- Verf\u00fcgbarkeit:\n- Sofort lieferbar\n- Ihr Preis:\n- 24,50 \u20ac4)\n- 21,32 \u20ac*\n- - 13% 2)\n- 533,00 \u20ac pro 1 l\n[AVENE Cleanance Comedomed lokale Anti-Pickel-Pfl.](https://www.mediherz-shop.de/pzn-16819021/avene-cleanance-comedomed-lokale-anti-pickel-pfl-15ml)\n+ Gratis Avene Cleanance Reinigungsgel 100ml15 ml PIERRE FABRE DERMO KOSMETIK GmbH Artikelnr. 16819021\n**Nur solange der Vorrat reicht!!**\n**Nur solange der Vorrat reicht!!**\n- Verf\u00fcgbarkeit:\n- Sofort lieferbar\n- Ihr Preis:\n- 15,90 \u20ac4)\n- 12,11 \u20ac*\n- - 24% 2)\n- 807,33 \u20ac pro 1 l\n[DUCRAY CREASTIM REACTIV Lotion b.temp.Haarausfall](https://www.mediherz-shop.de/pzn-17545399/ducray-creastim-reactiv-lotion-b-temp-haarausfall-60ml)\n+ Gratis Avene Ducray Anaphase+ Shampoo 100 ml60 ml PIERRE FABRE DERMO KOSMETIK GmbH Artikelnr. 17545399\n**Nur solange der Vorrat reicht!!**\n**Nur solange der Vorrat reicht!!**\n- Verf\u00fcgbarkeit:\n- Sofort lieferbar\n- Ihr Preis:\n- 49,90 \u20ac4)\n- 39,98 \u20ac*\n- - 20% 2)\n- 666,34 \u20ac pro 1 l\n[DUCRAY anacaps EXPERT Kapseln](https://www.mediherz-shop.de/pzn-17947040/ducray-anacaps-expert-kapseln-90st)\n+ Gratis Avene Ducray Anaphase+ Shampoo 100 ml90 St PIERRE FABRE DERMO KOSMETIK GmbH Artikelnr. 17947040\n**Nur solange der Vorrat reicht!!**\n**Nur solange der Vorrat reicht!!**\n- Verf\u00fcgbarkeit:\n- Sofort lieferbar\n- Ihr Preis:\n- 64,50 \u20ac4)\n- 56,12 \u20ac*\n- - 13% 2)\n[DUCRAY anacaps EXPERT Kapseln](https://www.mediherz-shop.de/pzn-17885043/ducray-anacaps-expert-kapseln-30st)\n+ Gratis Avene Ducray Anaphase+ Shampoo 100 ml30 St PIERRE FABRE DERMO KOSMETIK GmbH Artikelnr. 17885043\n**Nur solange der Vorrat reicht!!**\n**Nur solange der Vorrat reicht!!**\n- Verf\u00fcgbarkeit:\n- Sofort lieferbar\n- Ihr Preis:\n- 25,90 \u20ac4)\n- 22,53 \u20ac*\n- - 13% 2)\n[DUCRAY NEOPTIDE EXPERT Serum](https://www.mediherz-shop.de/pzn-17945874/ducray-neoptide-expert-serum-2x50ml)\n+ Gratis Avene Ducray Anaphase+ Shampoo 100 ml2X50 ml PIERRE FABRE DERMO KOSMETIK GmbH Artikelnr. 17945874\n**Nur solange der Vorrat reicht!!**\n**Nur solange der Vorrat reicht!!**\n- Verf\u00fcgbarkeit:\n- Sofort lieferbar\n- Ihr Preis:\n- 49,90 \u20ac4)\n- 43,41 \u20ac*\n- - 13% 2)\n- 434,10 \u20ac pro 1 l\n[DUCRAY anacaps REACTIV Kapseln](https://www.mediherz-shop.de/pzn-17545382/ducray-anacaps-reactiv-kapseln-90st)\n+ Gratis Avene Ducray Anaphase+ Shampoo 100 ml90 St PIERRE FABRE DERMO KOSMETIK GmbH Artikelnr. 17545382\n**Nur solange der Vorrat reicht!!**\n**Nur solange der Vorrat reicht!!**\n- Verf\u00fcgbarkeit:\n- ausverkauft\n- Ihr Preis:\n- 64,50 \u20ac4)\n- 56,12 \u20ac*\n- - 13% 2)\n[AVENE Cleanance A.H.A Peeling-Serum](https://www.mediherz-shop.de/pzn-18272940/avene-cleanance-a-h-a-peeling-serum-30ml)\n+ Gratis Avene Cleanance Reinigungsgel 100ml30 ml PIERRE FABRE DERMO KOSMETIK GmbH Artikelnr. 18272940\n**Nur solange der Vorrat reicht!!**\n**Nur solange der Vorrat reicht!!**\n- Verf\u00fcgbarkeit:\n- Sofort lieferbar\n- Ihr Preis:\n- 39,90 \u20ac4)\n- 28,45 \u20ac*\n- - 29% 2)\n- 948,33 \u20ac pro 1 l\n[AVENE Cleanance Detox-Maske](https://www.mediherz-shop.de/pzn-18272911/avene-cleanance-detox-maske-50ml)\n+ Gratis Avene Cleanance Reinigungsgel 100ml50 ml PIERRE FABRE DERMO KOSMETIK GmbH Artikelnr. 18272911\n**Nur solange der Vorrat reicht!!**\n**Nur solange der Vorrat reicht!!**\n- Verf\u00fcgbarkeit:\n- Sofort lieferbar\n- Ihr Preis:\n- 24,50 \u20ac4)\n- 19,10 \u20ac*\n- - 22% 2)\n- 382,00 \u20ac pro 1 l\n[KADEFUNGIN 3 Kombip.20 g Creme+3 Vaginaltabl. 3](https://www.mediherz-shop.de/vaginalpilz-therapeutika/pzn-03766139/kadefungin-3-kombip-20-g-creme-3-vaginaltabl-1st)\n+ Gratis KadeFemin Waschlotion 15 ml1 St DR. KADE Pharmazeutische Fabrik GmbH Artikelnr. 03766139\n**Nur solange der Vorrat reicht!!**\n**Nur solange der Vorrat reicht!!**\n- Verf\u00fcgbarkeit:\n- Sofort lieferbar\n- Ihr Preis:\n- 12,97 \u20ac1)\n- 7,93 \u20ac*\n- - 39% 2)\n[AVENE Cleanance Reinigungsgel+Monolaurin](https://www.mediherz-shop.de/reinigungspflege/pzn-10057863/avene-cleanance-reinigungsgel-monolaurin-200ml)\n+ Gratis Avene Cleanance Reinigungsgel 100ml200 ml PIERRE FABRE DERMO KOSMETIK GmbH Artikelnr. 10057863\n**Nur solange der Vorrat reicht!!**\n**Nur solange der Vorrat reicht!!**\n- Verf\u00fcgbarkeit:\n- Sofort lieferbar\n- Ihr Preis:\n- 18,90 \u20ac4)\n- 14,20 \u20ac*\n- - 25% 2)\n- 71,00 \u20ac pro 1 l\n[DUCRAY ANAPHASE+ Anti-Haarausfall Shampoo](https://www.mediherz-shop.de/trockenes-und-strapaziertes-haar/pzn-11566354/ducray-anaphase-shampoo-haarausfall-400ml)\n+ Gratis Avene Ducray Anaphase+ Shampoo 100 ml400 ml PIERRE FABRE DERMO KOSMETIK GmbH Artikelnr. 11566354\n**Nur solange der Vorrat reicht!!**\n**Nur solange der Vorrat reicht!!**\n- Verf\u00fcgbarkeit:\n- Sofort lieferbar\n- Ihr Preis:\n- 30,50 \u20ac4)\n- 22,85 \u20ac*\n- - 25% 2)\n- 57,13 \u20ac pro 1 l\n[DUCRAY ANAPHASE+ Anti-Haarausfall Shampoo](https://www.mediherz-shop.de/pzn-11857790/ducray-anaphase-shampoo-haarausfall-200ml)\n+ Gratis Avene Ducray Anaphase+ Shampoo 100 ml200 ml PIERRE FABRE DERMO KOSMETIK GmbH Artikelnr. 11857790\n**Nur solange der Vorrat reicht!!**\n**Nur solange der Vorrat reicht!!**\n- Verf\u00fcgbarkeit:\n- Sofort lieferbar\n- Ihr Preis:\n- 18,90 \u20ac4)\n- 14,17 \u20ac*\n- - 25% 2)\n- 70,85 \u20ac pro 1 l\n[AVENE Cleanance Reinigungsgel](https://www.mediherz-shop.de/pzn-11516474/avene-cleanance-reinigungsgel-400ml)\n+ Gratis Avene Cleanance Reinigungsgel 100ml400 ml PIERRE FABRE DERMO KOSMETIK GmbH Artikelnr. 11516474\n**Nur solange der Vorrat reicht!!**\n**Nur solange der Vorrat reicht!!**\n- Verf\u00fcgbarkeit:\n- Sofort lieferbar\n- Ihr Preis:\n- 23,90 \u20ac4)\n- 17,83 \u20ac*\n- - 25% 2)\n- 44,58 \u20ac pro 1 l\n[DUCRAY anacaps REACTIV Kapseln](https://www.mediherz-shop.de/pzn-13348621/ducray-anacaps-reactiv-kapseln-30st)\n+ Gratis Avene Ducray Anaphase+ Shampoo 100 ml30 St PIERRE FABRE DERMO KOSMETIK GmbH Artikelnr. 13348621\n**Nur solange der Vorrat reicht!!**\n**Nur solange der Vorrat reicht!!**\n- Verf\u00fcgbarkeit:\n- ausverkauft\n- Ihr Preis:\n- 25,90 \u20ac4)\n- 22,53 \u20ac*\n- - 13% 2)\nHerzlich willkommen bei Ihrer Versandapotheke mediherzWir von der deutschen Versandapotheke mediherz.de sind Ihr kompetenter Ansprechpartner, wenn es um die wichtigen Themen Gesundheit & Vorsorge geht. Wir bieten Ihnen ein breites und gleichzeitig sorgf\u00e4ltig ausgew\u00e4hltes Sortiment an Medikamenten, Kosmetikartikeln sowie Produkten zum Wohlf\u00fchlen & Fit bleiben.\nEine gro\u00dfe Rolle spielen bei uns der Service und die Beratung. Unsere pharmazeutischen Fachkr\u00e4fte erreichen Sie unter unserer kostenfreien Service-Hotline 0800 / 22 30 300 oder per E-Mail an\nF\u00fcr\nDar\u00fcber hinaus k\u00f6nnen Sie bei mediherz.de mit jeder Bestellung von rezeptfreien Artikeln\n[info@mediherz.de](mailto:info@mediherz.de). Mit einer schnellen Lieferung stellen wir sicher, dass Sie Ihre bestellten Gesundheitsprodukte zeitnah erhalten. F\u00fcr unseren Service wurden wir bereits mehrfach ausgezeichnet.\nF\u00fcr\n[Rezeptbestellungen](/rezept-einloesen.html)senden Sie uns Ihr Original Rezept portofrei mit einem Freiumschlag zu. Ihre Bestellung erhalten Sie in der Regel nach Eingang des Original Rezeptes innerhalb von 48 Std. bequem und kostenfrei nach Hause geliefert.\nDar\u00fcber hinaus k\u00f6nnen Sie bei mediherz.de mit jeder Bestellung von rezeptfreien Artikeln\n[Bonuspunkte](/service/bonusprogramm.html)sammeln und diese sp\u00e4ter einl\u00f6sen. Damit m\u00f6chten wir uns bei unseren treuen Kunden herzlich bedanken! M\u00f6chten Sie immer auf dem Laufenden bleiben, wie Sie bei mediherz.de sparen k\u00f6nnen und welche aktuellen Aktionen es in der Versandapotheke gibt? Dann abonnieren Sie doch unseren [Newsletter](/service/newsletter.html)und werden Fan auf Facebook!\n|\n||\n|", "language": null, "image": "https://www.mediherz-shop.de/mediherz/layout/images/logo1200x630b.png", "pagetype": "website", "links": ["https://www.mediherz-shop.de/", "https://www.mediherz-shop.de/view/showcart", "https://www.mediherz-shop.de/checkLogin/main", "https://www.trustedshops.de/bewertung/info_X14DC8FB144239509BB8DBEB348D95A47.html", "/", "https://www.mediherz-shop.de/service/hilfe.html", "https://www.mediherz-shop.de/kontaktformular", null, "https://www.mediherz-shop.de/angebote-und-aktionsartikel", "https://www.mediherz-shop.de/angebote/angebote", "https://www.mediherz-shop.de/angebote/aktionsartikel", "https://www.mediherz-shop.de/klassische-arzneimittel", "https://www.mediherz-shop.de/klassische-arzneimittel/schmerzen", "https://www.mediherz-shop.de/klassische-arzneimittel/schmerzen/kopfschmerzen-migraene", "https://www.mediherz-shop.de/klassische-arzneimittel/schmerzen/schmerzen-allgemein", "https://www.mediherz-shop.de/klassische-arzneimittel/schmerzen/zahnschmerzen", "https://www.mediherz-shop.de/klassische-arzneimittel/schmerzen/rheumaschmerzen", "https://www.mediherz-shop.de/klassische-arzneimittel/schmerzen/regelschmerzen", "https://www.mediherz-shop.de/klassische-arzneimittel/allergien", "https://www.mediherz-shop.de/klassische-arzneimittel/allergien/allergie-allgemein", "https://www.mediherz-shop.de/klassische-arzneimittel/allergien/fuer-die-augen", "https://www.mediherz-shop.de/klassische-arzneimittel/allergien/fuer-die-nase", "https://www.mediherz-shop.de/klassische-arzneimittel/allergien/kombipack", "https://www.mediherz-shop.de/klassische-arzneimittel/allergien/allergisches-asthma", "https://www.mediherz-shop.de/klassische-arzneimittel/auge-ohr-nase-mund", "https://www.mediherz-shop.de/klassische-arzneimittel/auge-ohr-nase-mund/gegen-trockene-augen", "https://www.mediherz-shop.de/klassische-arzneimittel/auge-ohr-nase-mund/gegen-gereizte-augen", "https://www.mediherz-shop.de/klassische-arzneimittel/auge-ohr-nase-mund/bei-ohrenproblemen", "https://www.mediherz-shop.de/klassische-arzneimittel/auge-ohr-nase-mund/fuer-die-wohlfuehlnase", "https://www.mediherz-shop.de/klassische-arzneimittel/auge-ohr-nase-mund/nase-frei", "https://www.mediherz-shop.de/klassische-arzneimittel/auge-ohr-nase-mund/gegen-schnarchen", "https://www.mediherz-shop.de/klassische-arzneimittel/auge-ohr-nase-mund/mund-zahnfleisch", "https://www.mediherz-shop.de/klassische-arzneimittel/auge-ohr-nase-mund/lippenherpes", "https://www.mediherz-shop.de/klassische-arzneimittel/hals-bronchien-erkaeltung", "https://www.mediherz-shop.de/klassische-arzneimittel/hals-bronchien-erkaeltung/abwehrstaerkung", "https://www.mediherz-shop.de/klassische-arzneimittel/hals-bronchien-erkaeltung/grippe-fieber", "https://www.mediherz-shop.de/klassische-arzneimittel/hals-bronchien-erkaeltung/nasennebenhoehlen", "https://www.mediherz-shop.de/klassische-arzneimittel/hals-bronchien-erkaeltung/halsschmerzen", "https://www.mediherz-shop.de/klassische-arzneimittel/hals-bronchien-erkaeltung/hustenloeser", "https://www.mediherz-shop.de/klassische-arzneimittel/hals-bronchien-erkaeltung/hustenstiller", "https://www.mediherz-shop.de/klassische-arzneimittel/herz-kreislauf-nieren", "https://www.mediherz-shop.de/klassische-arzneimittel/herz-kreislauf-nieren/omega-3-fettsaeuren", "https://www.mediherz-shop.de/klassische-arzneimittel/herz-kreislauf-nieren/heparin-aeusserlich", "https://www.mediherz-shop.de/klassische-arzneimittel/herz-kreislauf-nieren/gedaechtnisstaerkung", "https://www.mediherz-shop.de/klassische-arzneimittel/herz-kreislauf-nieren/staerkung-fuer-das-herz", "https://www.mediherz-shop.de/klassische-arzneimittel/herz-kreislauf-nieren/kreislaufanregung", "https://www.mediherz-shop.de/klassische-arzneimittel/herz-kreislauf-nieren/blutverduennung", "https://www.mediherz-shop.de/klassische-arzneimittel/herz-kreislauf-nieren/niere-blase", "https://www.mediherz-shop.de/klassische-arzneimittel/herz-kreislauf-nieren/venenstaerkung", "https://www.mediherz-shop.de/klassische-arzneimittel/nerven-muskeln-gelenke", "https://www.mediherz-shop.de/klassische-arzneimittel/nerven-muskeln-gelenke/beruhigung-schlafen", "https://www.mediherz-shop.de/klassische-arzneimittel/nerven-muskeln-gelenke/raucherentwoehnung", "https://www.mediherz-shop.de/klassische-arzneimittel/nerven-muskeln-gelenke/enzymtherapie", "https://www.mediherz-shop.de/klassische-arzneimittel/nerven-muskeln-gelenke/rheuma-arthrose", "https://www.mediherz-shop.de/klassische-arzneimittel/nerven-muskeln-gelenke/muskel-gelenkschmerzen", "https://www.mediherz-shop.de/klassische-arzneimittel/nerven-muskeln-gelenke/wadenkraempfe", "https://www.mediherz-shop.de/klassische-arzneimittel/nerven-muskeln-gelenke/muskelzuckung-tremor", "https://www.mediherz-shop.de/klassische-arzneimittel/magen-darm-leber", "https://www.mediherz-shop.de/klassische-arzneimittel/magen-darm-leber/mund-darmpilz", "https://www.mediherz-shop.de/klassische-arzneimittel/magen-darm-leber/darmflora-aufbau", "https://www.mediherz-shop.de/klassische-arzneimittel/magen-darm-leber/blaehungen-kraempfe", "https://www.mediherz-shop.de/klassische-arzneimittel/magen-darm-leber/uebelkeit-schwindel", "https://www.mediherz-shop.de/klassische-arzneimittel/magen-darm-leber/saurer-magen", "https://www.mediherz-shop.de/klassische-arzneimittel/magen-darm-leber/verdauungsenzyme", "https://www.mediherz-shop.de/klassische-arzneimittel/magen-darm-leber/durchfallmittel", "https://www.mediherz-shop.de/klassische-arzneimittel/magen-darm-leber/abfuehrmittel", "https://www.mediherz-shop.de/klassische-arzneimittel/magen-darm-leber/haemorrhoiden", "https://www.mediherz-shop.de/klassische-arzneimittel/magen-darm-leber/leber-galle", "https://www.mediherz-shop.de/klassische-arzneimittel/reiseapotheke", "https://www.mediherz-shop.de/klassische-arzneimittel/reiseapotheke/zecken-mueckenschutz", "https://www.mediherz-shop.de/klassische-arzneimittel/reiseapotheke/sonnenschutz", "https://www.mediherz-shop.de/klassische-arzneimittel/reiseapotheke/sonnenbrand-insektenstiche", "https://www.mediherz-shop.de/klassische-arzneimittel/reiseapotheke/magen-darm", "https://www.mediherz-shop.de/klassische-arzneimittel/reiseapotheke/fuer-den-flug", "https://www.mediherz-shop.de/klassische-arzneimittel/reiseapotheke/erste-hilfe", "https://www.mediherz-shop.de/klassische-arzneimittel/reiseapotheke/erkaeltung-schmerzen", "https://www.mediherz-shop.de/natur-homoeopathie", "https://www.mediherz-shop.de/natur-homoeopathie/augen-ohr-nase", "https://www.mediherz-shop.de/natur-homoeopathie/augen-ohr-nase/gegen-gereizte-augen", "https://www.mediherz-shop.de/natur-homoeopathie/augen-ohr-nase/bei-ohrenproblemen", "https://www.mediherz-shop.de/natur-homoeopathie/augen-ohr-nase/nase-frei", "https://www.mediherz-shop.de/natur-homoeopathie/hals-erkaeltungen", "https://www.mediherz-shop.de/natur-homoeopathie/hals-erkaeltungen/grippaler-infekt", "https://www.mediherz-shop.de/natur-homoeopathie/hals-erkaeltungen/halsschmerzen", "https://www.mediherz-shop.de/natur-homoeopathie/hals-erkaeltungen/pflanzliche-hustenmittel", "https://www.mediherz-shop.de/natur-homoeopathie/hals-erkaeltungen/erkaeltungssalbe-inhalation", "https://www.mediherz-shop.de/natur-homoeopathie/hals-erkaeltungen/staerkt-ihre-abwehrkraefte", "https://www.mediherz-shop.de/natur-homoeopathie/magen-darm", "https://www.mediherz-shop.de/natur-homoeopathie/magen-darm/magenbeschwerden", "https://www.mediherz-shop.de/natur-homoeopathie/magen-darm/abfuehrmittel", "https://www.mediherz-shop.de/natur-homoeopathie/magen-darm/durchfallmittel", "https://www.mediherz-shop.de/natur-homoeopathie/magen-darm/blaehungen-kraempfe", "https://www.mediherz-shop.de/natur-homoeopathie/magen-darm/verdauungsfoerderung", "https://www.mediherz-shop.de/natur-homoeopathie/magen-darm/artischocken-praeparate", "https://www.mediherz-shop.de/natur-homoeopathie/magen-darm/leber-galle", "https://www.mediherz-shop.de/rennie", "https://www.mediherz-shop.de/natur-homoeopathie/nerven-muskeln", "https://www.mediherz-shop.de/natur-homoeopathie/nerven-muskeln/rheuma-arthrose", "https://www.mediherz-shop.de/natur-homoeopathie/nerven-muskeln/muskel-gelenkschmerzen", "https://www.mediherz-shop.de/natur-homoeopathie/nerven-muskeln/beruhigung-schlafen", "https://www.mediherz-shop.de/natur-homoeopathie/nerven-muskeln/stimmungsaufhellung", "https://www.mediherz-shop.de/natur-homoeopathie/herz-kreislauf-nieren", "https://www.mediherz-shop.de/natur-homoeopathie/herz-kreislauf-nieren/blutdruck", "https://www.mediherz-shop.de/natur-homoeopathie/herz-kreislauf-nieren/staerkung-fuer-das-herz", "https://www.mediherz-shop.de/natur-homoeopathie/herz-kreislauf-nieren/schwindelzustaende", "https://www.mediherz-shop.de/natur-homoeopathie/herz-kreislauf-nieren/freie-arterien", "https://www.mediherz-shop.de/natur-homoeopathie/herz-kreislauf-nieren/gedaechtnisstaerkung", "https://www.mediherz-shop.de/natur-homoeopathie/herz-kreislauf-nieren/venenstaerkung", "https://www.mediherz-shop.de/natur-homoeopathie/herz-kreislauf-nieren/niere-blase", "https://www.mediherz-shop.de/natur-homoeopathie/frau-mann", "https://www.mediherz-shop.de/natur-homoeopathie/frau-mann/wechseljahre", "https://www.mediherz-shop.de/natur-homoeopathie/frau-mann/zyklusbeschwerden", "https://www.mediherz-shop.de/natur-homoeopathie/frau-mann/prostatabeschwerden", "https://www.mediherz-shop.de/natur-homoeopathie/frau-mann/sexuelle-schwaeche", "https://www.mediherz-shop.de/natur-homoeopathie/frau-mann/blasenstaerkung", "https://www.mediherz-shop.de/natur-homoeopathie/bachblueten", "https://www.mediherz-shop.de/natur-homoeopathie/bachblueten/bachblueten-allgemein", "https://www.mediherz-shop.de/natur-homoeopathie/bachblueten/bachblueten-original", "https://www.mediherz-shop.de/natur-homoeopathie/homoeopathie-hersteller", "https://www.mediherz-shop.de/natur-homoeopathie/homoeopathie-hersteller/dhu", "https://www.mediherz-shop.de/natur-homoeopathie/homoeopathie-hersteller/heel", "https://www.mediherz-shop.de/natur-homoeopathie/homoeopathie-hersteller/hevert", "https://www.mediherz-shop.de/natur-homoeopathie/homoeopathie-hersteller/madaus", "https://www.mediherz-shop.de/natur-homoeopathie/homoeopathie-hersteller/nestmann", "https://www.mediherz-shop.de/natur-homoeopathie/homoeopathie-hersteller/pascoe", "https://www.mediherz-shop.de/natur-homoeopathie/homoeopathie-hersteller/phoenix", "https://www.mediherz-shop.de/natur-homoeopathie/homoeopathie-hersteller/steigerwald", "https://www.mediherz-shop.de/natur-homoeopathie/homoeopathie-hersteller/syxyl", "https://www.mediherz-shop.de/natur-homoeopathie/homoeopathie-hersteller/weber-weber", "https://www.mediherz-shop.de/natur-homoeopathie", "https://www.mediherz-shop.de/kosmetik-koerperpflege", "https://www.mediherz-shop.de/kosmetik-koerperpflege/pflegende-kosmetik", "https://www.mediherz-shop.de/kosmetik-koerperpflege/pflegende-kosmetik/augenpflege", "https://www.mediherz-shop.de/kosmetik-koerperpflege/pflegende-kosmetik/anti-aging-augenpflege", "https://www.mediherz-shop.de/kosmetik-koerperpflege/pflegende-kosmetik/kontaktlinsen-pflege", "https://www.mediherz-shop.de/kosmetik-koerperpflege/pflegende-kosmetik/lippenpflege", "https://www.mediherz-shop.de/kosmetik-koerperpflege/pflegende-kosmetik/pflegemasken", "https://www.mediherz-shop.de/kosmetik-koerperpflege/pflegende-kosmetik/unreine-haut", "https://www.mediherz-shop.de/kosmetik-koerperpflege/pflegende-kosmetik/normale-mischhaut", "https://www.mediherz-shop.de/kosmetik-koerperpflege/pflegende-kosmetik/trockene-empfindliche-haut", "https://www.mediherz-shop.de/kosmetik-koerperpflege/pflegende-kosmetik/anti-aging-pflege", "https://www.mediherz-shop.de/kosmetik-koerperpflege/pflegende-kosmetik/getoente-tagescreme", "https://www.mediherz-shop.de/kosmetik-koerperpflege/pflegende-kosmetik/make-up-mascara", "https://www.mediherz-shop.de/kosmetik-koerperpflege/pflegende-kosmetik/fuer-den-mann", "https://www.mediherz-shop.de/kosmetik-koerperpflege/reinigung-erfrischung", "https://www.mediherz-shop.de/kosmetik-koerperpflege/reinigung-erfrischung/unreine-haut", "https://www.mediherz-shop.de/kosmetik-koerperpflege/reinigung-erfrischung/normale-mischhaut", "https://www.mediherz-shop.de/kosmetik-koerperpflege/reinigung-erfrischung/trockene-haut", "https://www.mediherz-shop.de/kosmetik-koerperpflege/reinigung-erfrischung/empfindliche-haut", "https://www.mediherz-shop.de/kosmetik-koerperpflege/reinigung-erfrischung/erfrischung", "https://www.mediherz-shop.de/kosmetik-koerperpflege/zahn-mundpflege", "https://www.mediherz-shop.de/kosmetik-koerperpflege/zahn-mundpflege/zahncreme", "https://www.mediherz-shop.de/kosmetik-koerperpflege/zahn-mundpflege/zahnaufhellung", "https://www.mediherz-shop.de/kosmetik-koerperpflege/zahn-mundpflege/zahn-zungenbuersten", "https://www.mediherz-shop.de/kosmetik-koerperpflege/zahn-mundpflege/elektrische-mundpflegegeraete", "https://www.mediherz-shop.de/kosmetik-koerperpflege/zahn-mundpflege/mundspuelung", "https://www.mediherz-shop.de/kosmetik-koerperpflege/zahn-mundpflege/frischer-atem", "https://www.mediherz-shop.de/kosmetik-koerperpflege/zahn-mundpflege/zahnseide-hoelzer", "https://www.mediherz-shop.de/kosmetik-koerperpflege/zahn-mundpflege/interdentalpflege", "https://www.mediherz-shop.de/kosmetik-koerperpflege/zahn-mundpflege/prothesenpflege", "https://www.mediherz-shop.de/kosmetik-koerperpflege/zahn-mundpflege/plaqueerkennung", "https://www.mediherz-shop.de/kosmetik-koerperpflege/allgemeine-koerperpflege", "https://www.mediherz-shop.de/kosmetik-koerperpflege/allgemeine-koerperpflege/cellulite-koerperpflege", "https://www.mediherz-shop.de/kosmetik-koerperpflege/allgemeine-koerperpflege/pflege-normaler-haut", "https://www.mediherz-shop.de/kosmetik-koerperpflege/allgemeine-koerperpflege/pflege-trockener-haut", "https://www.mediherz-shop.de/kosmetik-koerperpflege/allgemeine-koerperpflege/pflege-sensibler-haut", "https://www.mediherz-shop.de/kosmetik-koerperpflege/allgemeine-koerperpflege/koerperoele", "https://www.mediherz-shop.de/kosmetik-koerperpflege/allgemeine-koerperpflege/haarentfernungsmittel", "https://www.mediherz-shop.de/kosmetik-koerperpflege/allgemeine-koerperpflege/seifen", "https://www.mediherz-shop.de/kosmetik-koerperpflege/allgemeine-koerperpflege/antitranspirant", "https://www.mediherz-shop.de/kosmetik-koerperpflege/allgemeine-koerperpflege/deos-duefte", "https://www.mediherz-shop.de/kosmetik-koerperpflege/haar-duschpflege", "https://www.mediherz-shop.de/kosmetik-koerperpflege/haar-duschpflege/trockenes-strapaziertes-haar", "https://www.mediherz-shop.de/kosmetik-koerperpflege/haar-duschpflege/normales-fettiges-haar", "https://www.mediherz-shop.de/kosmetik-koerperpflege/haar-duschpflege/feines-haar", "https://www.mediherz-shop.de/kosmetik-koerperpflege/haar-duschpflege/bei-haarausfall", "https://www.mediherz-shop.de/kosmetik-koerperpflege/haar-duschpflege/bei-schuppen", "https://www.mediherz-shop.de/kosmetik-koerperpflege/haar-duschpflege/zur-toenung", "https://www.mediherz-shop.de/kosmetik-koerperpflege/haar-duschpflege/duschpflege", "https://www.mediherz-shop.de/kosmetik-koerperpflege/haar-duschpflege/duschpeeling", "https://www.mediherz-shop.de/kosmetik-koerperpflege/haar-duschpflege/badezusatz", "https://www.mediherz-shop.de/kosmetik-koerperpflege/haar-duschpflege/intimpflege", "https://www.mediherz-shop.de/kosmetik-koerperpflege/hand-nagelpflege", "https://www.mediherz-shop.de/kosmetik-koerperpflege/hand-nagelpflege/handcremes", "https://www.mediherz-shop.de/kosmetik-koerperpflege/hand-nagelpflege/nagelcreme-nageloele", "https://www.mediherz-shop.de/kosmetik-koerperpflege/hand-nagelpflege/manikuere", "https://www.mediherz-shop.de/kosmetik-koerperpflege/fuss-beinpflege", "https://www.mediherz-shop.de/kosmetik-koerperpflege/fuss-beinpflege/beinpflege", "https://www.mediherz-shop.de/kosmetik-koerperpflege/fuss-beinpflege/fuss-nagelpflege", "https://www.mediherz-shop.de/kosmetik-koerperpflege/fuss-beinpflege/fusssprays-puder", "https://www.mediherz-shop.de/kosmetik-koerperpflege/fuss-beinpflege/hornhautpflege", "https://www.mediherz-shop.de/kosmetik-koerperpflege/fuss-beinpflege/druck-ballenschutz", "https://www.mediherz-shop.de/kosmetik-koerperpflege/fuss-beinpflege/blasen-huehneraugenpflaster", "https://www.mediherz-shop.de/kosmetik-koerperpflege/sonnen-insektenschutz", "https://www.mediherz-shop.de/kosmetik-koerperpflege/sonnen-insektenschutz/sonnencreme", "https://www.mediherz-shop.de/kosmetik-koerperpflege/sonnen-insektenschutz/sonnenmilch", "https://www.mediherz-shop.de/kosmetik-koerperpflege/sonnen-insektenschutz/sonnengel-spray", "https://www.mediherz-shop.de/kosmetik-koerperpflege/sonnen-insektenschutz/sonnenschutzstifte", "https://www.mediherz-shop.de/kosmetik-koerperpflege/sonnen-insektenschutz/fuer-das-gesicht", "https://www.mediherz-shop.de/kosmetik-koerperpflege/sonnen-insektenschutz/selbstbraeuner", "https://www.mediherz-shop.de/kosmetik-koerperpflege/sonnen-insektenschutz/after-sun-produkte", "https://www.mediherz-shop.de/kosmetik-koerperpflege/sonnen-insektenschutz/ladival", "https://www.mediherz-shop.de/kosmetik-koerperpflege/sonnen-insektenschutz/ladival/normale-bis-empfindliche-haut", "https://www.mediherz-shop.de/kosmetik-koerperpflege/sonnen-insektenschutz/ladival/allergische-haut", "https://www.mediherz-shop.de/kosmetik-koerperpflege/sonnen-insektenschutz/ladival/kinderhaut", "https://www.mediherz-shop.de/kosmetik-koerperpflege/sonnen-insektenschutz/ladival/aktiv-vital-schutz-braeune", "https://www.mediherz-shop.de/kosmetik-koerperpflege/sonnen-insektenschutz/insektenschutz", "https://www.mediherz-shop.de/kosmetik-koerperpflege/sonnen-insektenschutz/fenistil", "https://www.mediherz-shop.de/kosmetik-koerperpflege/sonnen-insektenschutz/fenistil/hautausschlag", "https://www.mediherz-shop.de/kosmetik-koerperpflege/sonnen-insektenschutz/fenistil/insektenstiche", "https://www.mediherz-shop.de/kosmetik-koerperpflege/sonnen-insektenschutz/fenistil/sonnenbrand", "https://www.mediherz-shop.de/kosmetik-koerperpflege", "https://www.mediherz-shop.de/gesundheit-wellness", "https://www.mediherz-shop.de/gesundheit-wellness/vitamine-staerkung", "https://www.mediherz-shop.de/gesundheit-wellness/vitamine-staerkung/mineral-vitalstoffe", "https://www.mediherz-shop.de/gesundheit-wellness/vitamine-staerkung/biotin", "https://www.mediherz-shop.de/gesundheit-wellness/vitamine-staerkung/folsaeure", "https://www.mediherz-shop.de/gesundheit-wellness/vitamine-staerkung/vitamine", "https://www.mediherz-shop.de/gesundheit-wellness/vitamine-staerkung/vitamin-b12", "https://www.mediherz-shop.de/gesundheit-wellness/vitamine-staerkung/vitamingetraenke", "https://www.mediherz-shop.de/gesundheit-wellness/vitamine-staerkung/multivitamin", "https://www.mediherz-shop.de/gesundheit-wellness/vitamine-staerkung/spezielle-aufbaunahrung", "https://www.mediherz-shop.de/gesundheit-wellness/mineralstoffe", "https://www.mediherz-shop.de/gesundheit-wellness/mineralstoffe/calcium", "https://www.mediherz-shop.de/gesundheit-wellness/mineralstoffe/calcium-vitamin-d3", "https://www.mediherz-shop.de/gesundheit-wellness/mineralstoffe/eisen", "https://www.mediherz-shop.de/gesundheit-wellness/mineralstoffe/kalium", "https://www.mediherz-shop.de/gesundheit-wellness/mineralstoffe/magnesium", "https://www.mediherz-shop.de/gesundheit-wellness/mineralstoffe/iod-fluor", "https://www.mediherz-shop.de/gesundheit-wellness/mineralstoffe/selen-zink", "https://www.mediherz-shop.de/gesundheit-wellness/nahrungsergaenzung", "https://www.mediherz-shop.de/gesundheit-wellness/nahrungsergaenzung/fuer-saeurebasenhaushalt", "https://www.mediherz-shop.de/gesundheit-wellness/nahrungsergaenzung/zur-abwehrstaerkung", "https://www.mediherz-shop.de/gesundheit-wellness/nahrungsergaenzung/fuer-senioren", "https://www.mediherz-shop.de/gesundheit-wellness/nahrungsergaenzung/fuer-frauen-maenner", "https://www.mediherz-shop.de/gesundheit-wellness/nahrungsergaenzung/fuer-kinder", "https://www.mediherz-shop.de/gesundheit-wellness/nahrungsergaenzung/fuer-haut-haare-knochen", "https://www.mediherz-shop.de/gesundheit-wellness/nahrungsergaenzung/fuer-gelenke-knorpel", "https://www.mediherz-shop.de/gesundheit-wellness/nahrungsergaenzung/fuer-die-augen", "https://www.mediherz-shop.de/gesundheit-wellness/nahrungsergaenzung/lactoseintoleranz", "https://www.mediherz-shop.de/gesundheit-wellness/nahrungsergaenzung/fuer-den-darm", "https://www.mediherz-shop.de/gesundheit-wellness/nahrungsergaenzung/orthomol", "https://www.mediherz-shop.de/gesundheit-wellness/nahrungsergaenzung/orthoexpert", "https://www.mediherz-shop.de/gesundheit-wellness/nahrungsergaenzung/pure-encapsulations", "https://www.mediherz-shop.de/gesundheit-wellness/tee-geschenkideen", "https://www.mediherz-shop.de/gesundheit-wellness/tee-geschenkideen/wohlfuehl-vitaltees", "https://www.mediherz-shop.de/gesundheit-wellness/tee-geschenkideen/fruechtetees", "https://www.mediherz-shop.de/gesundheit-wellness/tee-geschenkideen/heilkraeutertees", "https://www.mediherz-shop.de/gesundheit-wellness/tee-geschenkideen/saefte", "https://www.mediherz-shop.de/gesundheit-wellness/tee-geschenkideen/geschenkidee", "https://www.mediherz-shop.de/gesundheit-wellness/tee-geschenkideen/geschenkidee/geschenke-fuer-sie", "https://www.mediherz-shop.de/gesundheit-wellness/tee-geschenkideen/geschenkidee/geschenke-fuer-ihn", "https://www.mediherz-shop.de/gesundheit-wellness/tee-geschenkideen/geschenkidee/geschenke-fuer-kinder", "https://www.mediherz-shop.de/gesundheit-wellness/tee-geschenkideen/geschenkidee/gesundheit-schenken", "https://www.mediherz-shop.de/gesundheit-wellness/tee-geschenkideen/geschenkidee/geschenkgutschein", "https://www.mediherz-shop.de/gesundheit-wellness/bonbons", "https://www.mediherz-shop.de/gesundheit-wellness/bonbons/fishermans-friend", "https://www.mediherz-shop.de/gesundheit-wellness/bonbons/gummibaerchen", "https://www.mediherz-shop.de/gesundheit-wellness/bonbons/traubenzucker", "https://www.mediherz-shop.de/gesundheit-wellness/bonbons/bonbons-zuckerhaltig", "https://www.mediherz-shop.de/gesundheit-wellness/bonbons/bonbons-zuckerfrei", "https://www.mediherz-shop.de/gesundheit-wellness/bonbons/echt-sylter", "https://www.mediherz-shop.de/gesundheit-wellness/bonbons/kinderbonbons", "https://www.mediherz-shop.de/gesundheit-wellness/aromatherapie", "https://www.mediherz-shop.de/gesundheit-wellness/aromatherapie/aetherische-oele", "https://www.mediherz-shop.de/gesundheit-wellness/aromatherapie/taoasis-oele", "https://www.mediherz-shop.de/gesundheit-wellness/aromatherapie/sauna-aufguss", "https://www.mediherz-shop.de/gesundheit-wellness/licht-waermetherapie", "https://www.mediherz-shop.de/gesundheit-wellness/licht-waermetherapie/massagegeraete", "https://www.mediherz-shop.de/gesundheit-wellness/licht-waermetherapie/kaelte-waermetherapie", "https://www.mediherz-shop.de/gesundheit-wellness/licht-waermetherapie/massageoel-salbe", "https://www.mediherz-shop.de/gesundheit-wellness/blutdruckmessgeraete", "https://www.mediherz-shop.de/gesundheit-wellness/blutdruckmessgeraete/oberarmgeraete", "https://www.mediherz-shop.de/gesundheit-wellness/blutdruckmessgeraete/handgelenkgeraete", "https://www.mediherz-shop.de/gesundheit-wellness", "https://www.mediherz-shop.de/sport-fitness", "https://www.mediherz-shop.de/sport-fitness/sport-fitness", "https://www.mediherz-shop.de/sport-fitness/sport-fitness/energie-drinks", "https://www.mediherz-shop.de/sport-fitness/sport-fitness/sportlervitamine", "https://www.mediherz-shop.de/sport-fitness/sport-fitness/nahrungsergaenzung", "https://www.mediherz-shop.de/sport-fitness/sport-fitness/fitnesskontrolle", "https://www.mediherz-shop.de/sport-fitness/sportverletzung", "https://www.mediherz-shop.de/sport-fitness/sportverletzung/verletzungen", "https://www.mediherz-shop.de/sport-fitness/sportverletzung/schmerzmittel", "https://www.mediherz-shop.de/sport-fitness/sportverletzung/muskulatur", "https://www.mediherz-shop.de/sport-fitness/sportverletzung/kuehlung-waerme", "https://www.mediherz-shop.de/sport-fitness/sportverletzung/tape", "https://www.mediherz-shop.de/sport-fitness/sportverletzung/pflaster", "https://www.mediherz-shop.de/sport-fitness/abnehmen", "https://www.mediherz-shop.de/sport-fitness/abnehmen/slim-fast", "https://www.mediherz-shop.de/sport-fitness/abnehmen/gewichtsreduktion", "https://www.mediherz-shop.de/sport-fitness/abnehmen/diaet-shake", "https://www.mediherz-shop.de/sport-fitness/abnehmen/muesli-riegel", "https://www.mediherz-shop.de/sport-fitness/abnehmen/suessungsmittel", "https://www.mediherz-shop.de/sport-fitness/abnehmen/entschlackung-reinigung", "https://www.mediherz-shop.de/familie-kinder", "https://www.mediherz-shop.de/familie-kinder/fuer-sie-ihn", "https://www.mediherz-shop.de/familie-kinder/fuer-sie-ihn/schwangerschaftstests", "https://www.mediherz-shop.de/familie-kinder/fuer-sie-ihn/gleitmittel", "https://www.mediherz-shop.de/familie-kinder/fuer-sie-ihn/fruchtbare-tage", "https://www.mediherz-shop.de/familie-kinder/fuer-sie-ihn/kondome", "https://www.mediherz-shop.de/familie-kinder/schwangerschaft-stillzeit", "https://www.mediherz-shop.de/familie-kinder/schwangerschaft-stillzeit/kinderwunsch", "https://www.mediherz-shop.de/familie-kinder/schwangerschaft-stillzeit/nahrungsergaenzung", "https://www.mediherz-shop.de/familie-kinder/schwangerschaft-stillzeit/hautpflege", "https://www.mediherz-shop.de/familie-kinder/schwangerschaft-stillzeit/stillzubehoer", "https://www.mediherz-shop.de/familie-kinder/schwangerschaft-stillzeit/milchpumpen", "https://www.mediherz-shop.de/familie-kinder/kinderpflege", "https://www.mediherz-shop.de/familie-kinder/kinderpflege/pflege-fuer-kinderhaut", "https://www.mediherz-shop.de/familie-kinder/kinderpflege/shampoos-badezusaetze", "https://www.mediherz-shop.de/familie-kinder/kinderpflege/sonnenschutz-fuer-kinderhaut", "https://www.mediherz-shop.de/familie-kinder/kinderpflege/kinderkrankheiten", "https://www.mediherz-shop.de/familie-kinder/kinderpflege/erste-hilfe-bei-kindern", "https://www.mediherz-shop.de/familie-kinder/kindertee-nahrung", "https://www.mediherz-shop.de/familie-kinder/kindertee-nahrung/babynahrung", "https://www.mediherz-shop.de/familie-kinder/kindertee-nahrung/kindertees", "https://www.mediherz-shop.de/familie-kinder/zahnungshilfen-sauger", "https://www.mediherz-shop.de/familie-kinder/zahnungshilfen-sauger/beruhigungssauger", "https://www.mediherz-shop.de/familie-kinder/zahnungshilfen-sauger/zahnungshilfen", "https://www.mediherz-shop.de/familie-kinder/zahnungshilfen-sauger/kinderzahnpflege", "https://www.mediherz-shop.de/pflege-sanitaetsbedarf", "https://www.mediherz-shop.de/pflege-sanitaetsbedarf/hauterkrankung", "https://www.mediherz-shop.de/pflege-sanitaetsbedarf/hauterkrankung/akne", "https://www.mediherz-shop.de/pflege-sanitaetsbedarf/hauterkrankung/neurodermitis", "https://www.mediherz-shop.de/pflege-sanitaetsbedarf/hauterkrankung/entzuendungen", "https://www.mediherz-shop.de/pflege-sanitaetsbedarf/hauterkrankung/juckreiz-ekzeme", "https://www.mediherz-shop.de/pflege-sanitaetsbedarf/hauterkrankung/haut-nagelpilz", "https://www.mediherz-shop.de/pflege-sanitaetsbedarf/hauterkrankung/aufbau-der-vaginalflora", "https://www.mediherz-shop.de/pflege-sanitaetsbedarf/hauterkrankung/vaginalpilz-therapeutika", "https://www.mediherz-shop.de/pflege-sanitaetsbedarf/hauterkrankung/warzen-huehneraugen", "https://www.mediherz-shop.de/pflege-sanitaetsbedarf/hautpflege", "https://www.mediherz-shop.de/pflege-sanitaetsbedarf/hautpflege/hautpflege", "https://www.mediherz-shop.de/pflege-sanitaetsbedarf/hautpflege/wund-heilsalbe", "https://www.mediherz-shop.de/pflege-sanitaetsbedarf/hautpflege/narbenpflege", "https://www.mediherz-shop.de/pflege-sanitaetsbedarf/hautpflege/hautdesinfektion", "https://www.mediherz-shop.de/pflege-sanitaetsbedarf/hautpflege/medizinische-badezusaetze", "https://www.mediherz-shop.de/pflege-sanitaetsbedarf/laeuse-abwehr", "https://www.mediherz-shop.de/pflege-sanitaetsbedarf/laeuse-abwehr/-milben-mottenschutz", "https://www.mediherz-shop.de/pflege-sanitaetsbedarf/laeuse-abwehr/laeuse-abwehr", "https://www.mediherz-shop.de/pflege-sanitaetsbedarf/stuetz-therapie", "https://www.mediherz-shop.de/pflege-sanitaetsbedarf/stuetz-therapie/hand-ellenbogenbandagen", "https://www.mediherz-shop.de/pflege-sanitaetsbedarf/stuetz-therapie/knie-beinbandagen", "https://www.mediherz-shop.de/pflege-sanitaetsbedarf/stuetz-therapie/fuss-rueckenbandagen", "https://www.mediherz-shop.de/pflege-sanitaetsbedarf/stuetz-therapie/einlegesohlen", "https://www.mediherz-shop.de/pflege-sanitaetsbedarf/stuetz-therapie/kniestruempfe-strumpfhosen", "https://www.mediherz-shop.de/pflege-sanitaetsbedarf/verbandstoffe", "https://www.mediherz-shop.de/pflege-sanitaetsbedarf/verbandstoffe/wundbehandlung", "https://www.mediherz-shop.de/pflege-sanitaetsbedarf/verbandstoffe/tape-fixierverbaende", "https://www.mediherz-shop.de/pflege-sanitaetsbedarf/verbandstoffe/mullbinden-elastische-binden", "https://www.mediherz-shop.de/pflege-sanitaetsbedarf/verbandstoffe/erste-hilfe-taschen", "https://www.mediherz-shop.de/pflege-sanitaetsbedarf/pflaster", "https://www.mediherz-shop.de/pflege-sanitaetsbedarf/pflaster/blasenpflaster", "https://www.mediherz-shop.de/pflege-sanitaetsbedarf/pflaster/fixierpflaster", "https://www.mediherz-shop.de/pflege-sanitaetsbedarf/pflaster/pflasterstrips", "https://www.mediherz-shop.de/pflege-sanitaetsbedarf/pflaster/sterile-pflaster", "https://www.mediherz-shop.de/pflege-sanitaetsbedarf/pflaster/dusch-schwimmpflaster", "https://www.mediherz-shop.de/pflege-sanitaetsbedarf/pflaster/gel-spruehpflaster", "https://www.mediherz-shop.de/pflege-sanitaetsbedarf/pflaster/pflaster-sortiert", "https://www.mediherz-shop.de/pflege-sanitaetsbedarf/inkontinenz", "https://www.mediherz-shop.de/pflege-sanitaetsbedarf/inkontinenz/einlagen-netzhosen", "https://www.mediherz-shop.de/pflege-sanitaetsbedarf/inkontinenz/einweg-windelhosen", "https://www.mediherz-shop.de/pflege-sanitaetsbedarf/homecare", "https://www.mediherz-shop.de/pflege-sanitaetsbedarf/homecare/gehoer-augenschutz", "https://www.mediherz-shop.de/pflege-sanitaetsbedarf/homecare/handschuhe-fingerlinge", "https://www.mediherz-shop.de/pflege-sanitaetsbedarf/homecare/einmalprodukte", "https://www.mediherz-shop.de/pflege-sanitaetsbedarf/homecare/tablettenteiler-dispenser", "https://www.mediherz-shop.de/diabetes", "https://www.mediherz-shop.de/diabetes/zuckermessgeraet-zubehoer", "https://www.mediherz-shop.de/diabetes/zuckermessgeraet-zubehoer/blutzucker-teststreifen", "https://www.mediherz-shop.de/diabetes/zuckermessgeraet-zubehoer/blutzuckermessgeraete-zubehoer", "https://www.mediherz-shop.de/diabetes/zuckermessgeraet-zubehoer/stechhilfen-lanzetten", "https://www.mediherz-shop.de/diabetes/zuckermessgeraet-zubehoer/kontrollloesungen", "https://www.mediherz-shop.de/diabetes/injektionsbedarf", "https://www.mediherz-shop.de/diabetes/injektionsbedarf/einmalspritzen-kanuelen", "https://www.mediherz-shop.de/diabetes/injektionsbedarf/insulininjektion-penkanuelen", "https://www.mediherz-shop.de/diabetes/injektionsbedarf/kuehl-systemtaschen", "https://www.mediherz-shop.de/diabetes/diabetikerbedarf", "https://www.mediherz-shop.de/diabetes/diabetikerbedarf/fusspflege-fuer-diabetiker", "https://www.mediherz-shop.de/diabetes/diabetikerbedarf/harnteststreifen", "https://www.mediherz-shop.de/diabetes/diabetikerbedarf/pflegecreme-fuer-diabetiker", "https://www.mediherz-shop.de/diabetes/diabetikerbedarf/diabetische-polyneuropathie", "https://www.mediherz-shop.de/diabetes/diabetikerbedarf/diabetikernahrungsergaenzung", "https://www.mediherz-shop.de/tier", "https://www.mediherz-shop.de/tier/tierarzneimittel", "https://www.mediherz-shop.de/tier/tierarzneimittel/tierbedarf", "https://www.mediherz-shop.de/tier/tierarzneimittel/advantage", "https://www.mediherz-shop.de/tier/tierarzneimittel/bolfo", "https://www.mediherz-shop.de/tier/tierarzneimittel/canina", "https://www.mediherz-shop.de/tier/tierarzneimittel/cd-vet", "https://www.mediherz-shop.de/tier/tierarzneimittel/frontline", "https://www.mediherz-shop.de/tier/tierarzneimittel/pha", "https://www.mediherz-shop.de/keywordsearch/searchitem=optifast", "https://www.mediherz-shop.de/stimmungsaufhellung/pzn-05489632/lasea-weichkapseln-56st", "https://www.mediherz-shop.de/pzn-11354132/diclofenac-puren-gel-50g", "/category/Angebote/c_40520.html", "https://www.mediherz-shop.de/bei-haarausfall/pzn-09100275/regaine-maenner-schaum-50-mg-g-3x60ml", "https://www.mediherz-shop.de/bei-haarausfall/pzn-09100275/regaine-maenner-schaum-50-mg-g-3x60ml", "https://www.mediherz-shop.de/pzn-12579956/algovir-effekt-erkaeltungsspray-20ml", "https://www.mediherz-shop.de/pzn-12579956/algovir-effekt-erkaeltungsspray-20ml", "https://www.mediherz-shop.de/pzn-12700079/dolo-dobendan-lutschtabletten-bei-halsschmerzen-36st", "https://www.mediherz-shop.de/pzn-12700079/dolo-dobendan-lutschtabletten-bei-halsschmerzen-36st", "https://www.mediherz-shop.de/bei-haarausfall/pzn-01997030/regaine\u00ae-frauen-loesung-3x60-ml-mit-minoxidil-3x60ml", "https://www.mediherz-shop.de/bei-haarausfall/pzn-01997030/regaine\u00ae-frauen-loesung-3x60-ml-mit-minoxidil-3x60ml", "https://www.mediherz-shop.de/erkaeltung-und-schmerzen/pzn-11024417/dobendan-direkt-flurbiprofen-spray-bei-halsschmerzen-15ml", "https://www.mediherz-shop.de/erkaeltung-und-schmerzen/pzn-11024417/dobendan-direkt-flurbiprofen-spray-bei-halsschmerzen-15ml", "https://www.mediherz-shop.de/pzn-17844742/folsaeure-al-5-mg-tabletten-100st", "https://www.mediherz-shop.de/pzn-17844742/folsaeure-al-5-mg-tabletten-100st", "https://www.mediherz-shop.de/beruhigung-und-schlafen/pzn-02083906/vivinox-sleep-schlaftabletten-stark-20st", "https://www.mediherz-shop.de/beruhigung-und-schlafen/pzn-02083906/vivinox-sleep-schlaftabletten-stark-20st", "https://www.mediherz-shop.de/kopfschmerzen-und-migraene/pzn-00410330/vivimed-mit-coffein-gegen-kopfschmerzen-tabletten-30st", "https://www.mediherz-shop.de/kopfschmerzen-und-migraene/pzn-00410330/vivimed-mit-coffein-gegen-kopfschmerzen-tabletten-30st", "https://www.mediherz-shop.de/pzn-12472514/basica-direkt-basische-mikroperlen-80x2-8g", "https://www.mediherz-shop.de/pzn-12472514/basica-direkt-basische-mikroperlen-80x2-8g", "https://www.mediherz-shop.de/pzn-17636601/roche-posay-anthelios-hydratisie-cr-uvmune-lsf-50-50ml", "https://www.mediherz-shop.de/pzn-17636601/roche-posay-anthelios-hydratisie-cr-uvmune-lsf-50-50ml", "https://www.mediherz-shop.de/pzn-17618158/roche-posay-trockene-haut-routine-set-1p", "https://www.mediherz-shop.de/pzn-17618158/roche-posay-trockene-haut-routine-set-1p", "https://www.mediherz-shop.de/customCategory?gtinList=18065810_12700079", "https://www.mediherz-shop.de/e-rezept", "https://www.mediherz-shop.de/pzn-15205860/avene-cleanance-comedomed-anti-unreinheiten-konz-30ml", "https://www.mediherz-shop.de/pzn-15205860/avene-cleanance-comedomed-anti-unreinheiten-konz-30ml", "https://www.mediherz-shop.de/pzn-15613056/avene-cleanance-women-glaettende-nachtcreme-30ml", "https://www.mediherz-shop.de/pzn-15613056/avene-cleanance-women-glaettende-nachtcreme-30ml", "https://www.mediherz-shop.de/pzn-15613062/avene-cleanance-women-korrigierendes-serum-30ml", "https://www.mediherz-shop.de/pzn-15613062/avene-cleanance-women-korrigierendes-serum-30ml", "https://www.mediherz-shop.de/pzn-16021441/avene-cleanance-mizellen-reinigungslotion-400ml", "https://www.mediherz-shop.de/pzn-16021441/avene-cleanance-mizellen-reinigungslotion-400ml", "https://www.mediherz-shop.de/pzn-16046464/avene-cleanance-mattierende-emulsion-40ml", "https://www.mediherz-shop.de/pzn-16046464/avene-cleanance-mattierende-emulsion-40ml", "https://www.mediherz-shop.de/pzn-16658693/avene-cleanance-women-getoente-tagespflege-spf30-40ml", "https://www.mediherz-shop.de/pzn-16658693/avene-cleanance-women-getoente-tagespflege-spf30-40ml", "https://www.mediherz-shop.de/pzn-16819021/avene-cleanance-comedomed-lokale-anti-pickel-pfl-15ml", "https://www.mediherz-shop.de/pzn-16819021/avene-cleanance-comedomed-lokale-anti-pickel-pfl-15ml", "https://www.mediherz-shop.de/pzn-17545399/ducray-creastim-reactiv-lotion-b-temp-haarausfall-60ml", "https://www.mediherz-shop.de/pzn-17545399/ducray-creastim-reactiv-lotion-b-temp-haarausfall-60ml", "https://www.mediherz-shop.de/pzn-17947040/ducray-anacaps-expert-kapseln-90st", "https://www.mediherz-shop.de/pzn-17947040/ducray-anacaps-expert-kapseln-90st", "https://www.mediherz-shop.de/pzn-17885043/ducray-anacaps-expert-kapseln-30st", "https://www.mediherz-shop.de/pzn-17885043/ducray-anacaps-expert-kapseln-30st", "https://www.mediherz-shop.de/pzn-17945874/ducray-neoptide-expert-serum-2x50ml", "https://www.mediherz-shop.de/pzn-17945874/ducray-neoptide-expert-serum-2x50ml", "https://www.mediherz-shop.de/pzn-17545382/ducray-anacaps-reactiv-kapseln-90st", "https://www.mediherz-shop.de/pzn-17545382/ducray-anacaps-reactiv-kapseln-90st", "#availabilityNotificationPopup", "https://www.mediherz-shop.de/pzn-18272940/avene-cleanance-a-h-a-peeling-serum-30ml", "https://www.mediherz-shop.de/pzn-18272940/avene-cleanance-a-h-a-peeling-serum-30ml", "https://www.mediherz-shop.de/pzn-18272911/avene-cleanance-detox-maske-50ml", "https://www.mediherz-shop.de/pzn-18272911/avene-cleanance-detox-maske-50ml", "https://www.mediherz-shop.de/vaginalpilz-therapeutika/pzn-03766139/kadefungin-3-kombip-20-g-creme-3-vaginaltabl-1st", "https://www.mediherz-shop.de/vaginalpilz-therapeutika/pzn-03766139/kadefungin-3-kombip-20-g-creme-3-vaginaltabl-1st", "https://www.mediherz-shop.de/reinigungspflege/pzn-10057863/avene-cleanance-reinigungsgel-monolaurin-200ml", "https://www.mediherz-shop.de/reinigungspflege/pzn-10057863/avene-cleanance-reinigungsgel-monolaurin-200ml", "https://www.mediherz-shop.de/trockenes-und-strapaziertes-haar/pzn-11566354/ducray-anaphase-shampoo-haarausfall-400ml", "https://www.mediherz-shop.de/trockenes-und-strapaziertes-haar/pzn-11566354/ducray-anaphase-shampoo-haarausfall-400ml", "https://www.mediherz-shop.de/pzn-11857790/ducray-anaphase-shampoo-haarausfall-200ml", "https://www.mediherz-shop.de/pzn-11857790/ducray-anaphase-shampoo-haarausfall-200ml", "https://www.mediherz-shop.de/pzn-11516474/avene-cleanance-reinigungsgel-400ml", "https://www.mediherz-shop.de/pzn-11516474/avene-cleanance-reinigungsgel-400ml", "https://www.mediherz-shop.de/pzn-13348621/ducray-anacaps-reactiv-kapseln-30st", "https://www.mediherz-shop.de/pzn-13348621/ducray-anacaps-reactiv-kapseln-30st", "#availabilityNotificationPopup", "mailto:info@mediherz.de", "/rezept-einloesen.html", "/service/bonusprogramm.html", "/service/newsletter.html", "https://www.gebrauchs.info", "https://www.billiger.de", "https://www.idealo.de/preisvergleich/Shop/23851.html", "https://www.medizinfuchs.de/apotheken-profil/mediherz.de-74.html", "https://www.mediherz-shop.de/view/showcart", "https://www.mediherz-shop.de/service/versandkosten.html", "https://www.mediherz-shop.de/kontaktformular", "https://www.mediherz-shop.de/newcustomer", "https://www.mediherz-shop.de/passwordForgot", "mailto:info@mediherz.de?subject=Anfrage%20zur%20Beratung&body=Formulieren%20Sie%20hier%20bitte%20Ihre%20Anfrage...", "/service/versandkosten.html", "/rezept-einloesen.html", "/service/newsletter.html", "/service/bonusprogramm.html", "/Gesundheit-und-Wellness/Tee-und-Geschenkideen/Geschenkidee/39482", "/Familie-und-Kinder/Kinderpflege/Kinderkrankheiten/76464", "/Angebote/43010", "/service/mail/Katalog.html", "/Angebote/43010", "", "", "/service/newsletter.html", "https://facebook.com/mediherz", "/category/Markenshops/c_40725.html", "/category/Dhu/c_73721_40725.html", "/category/Eucerin/c_39242_38974.html", "/markenshop/tena", "/markenshops/omron", "/category/gingium/c_41661_40725.html", "/category/1apharma/c_104925_40725.html", "/category/avene/c_39023_38974.html", "/category/antistax/c_53531_40725.html", "/category/vichy/c_39051_38974.html", "/category/voltaren/c_41655_40725.html", "/markenshops/nicorette/73724", "/category/Ginkobil/c_42502_40725.html", "/markenshops/bepanthol/77721", "/category/ratiopharm/c_53817_40725.html", "/category/la-roche-posay/c_39328_40725.html", " /category/hansaplast/c_53859_40725.html", "/category/dolormin/c_96019_40725.html", "/Natur-und-Homoeopathie/Bachblueten/Original-Rescue-Produkte/39334", "/category/frei/c_39120_40725.html", "/category/medipharma/c_39026_40725.html", "/category/umckaloabo/c_42577_40725.html", "/category/Allg\u00e4uer/c_52631_40725.html", "/category/Priorin/c_41659_40725.html", "/category/lamisil/c_41660_40725.html", "/category/fenistil/c_53919_40725.html", "/Kosmetik-und-Koerperpflege/Caudalie/39058", "/category/nicotinell/c_97732_40725.html", "/Markenshops/Nuxe/39207", "/Kosmetik-und-Koerperpflege/Lavera/39090", "/Kosmetik-und-Koerperpflege/Weleda/39266", "/category/doppelherz/c_41656_40725.html", "/Kosmetik-und-Koerperpflege/BonLauri/77674", "/category/durex/c_77938_40725.html", "/category/bepanthen/c_104920.html", "/category/listerine/c_92372_40725.html", "/category/ladival/c_79335_40725.html", "/category/scholl/c_79201_40725.html", "/category/artelac/c_64889_40725.html", "/category/regaine/c_82584_40725.html", "/category/olynth/c_97153_40725.html", "/category/hansaplast/c_98089_40725.html", "/category/A-Derma/c_52625_38974.html", "/category/orthomol/c_41658_40725.html", "/category/abtei/c_107247_40725.html", "/Kosmetik-und-Koerperpflege/Dermasel/51679", "/la-mer/110364", "/rennie", "https://www.mediherz-shop.de/service/ueber.html", "https://www.mediherz-shop.de/service/das-apotheken-abc-ab.html", "https://www.mediherz-shop.de/service/themenwelt.html", "https://www.mediherz-shop.de/service/hilfe.html", "https://www.mediherz-shop.de/service/impressum.html", "https://www.mediherz-shop.de/service/datenschutz.html", "https://www.mediherz-shop.de/service/widerrufsbelehrung.html", "https://www.mediherz-shop.de/service/AGB.html", "#", "https://www.mediherz-shop.de/service/serviceteaser.html", "/retoure", "https://www.mediherz-shop.de/service/reklamation.html", "https://www.mediherz-shop.de/service/pakethilfe.html", "https://www.mediherz-shop.de/service/zahlungsweise.html", "https://www.mediherz-shop.de/service/versandkosten.html", "https://mediherz-shop.de/passwordForgot", "https://www.mediherz-shop.de/service/mail/bestellung-post-fax.html", "https://www.mediherz-shop.de/service/newsletter.html", "https://www.mediherz-shop.de/rezept-einloesen.html", "https://www.mediherz-shop.de/service/bonusprogramm.html", "/gutscheine-rabatte.html", "https://www.trustedshops.de/bewertung/info_X14DC8FB144239509BB8DBEB348D95A47.html", "https://www.mediherz-shop.de/service/mail/bestellung-post-fax.html", "https://www.mediherz-shop.de/service/presse-preis.html", "https://www.mediherz-shop.de/service/presse-test-2011.html", "https://www.mediherz-shop.de/keywordsearch?SEARCH_STRING_CONTENT=grippostad", "https://www.mediherz-shop.de/keywordsearch?SEARCH_STRING_CONTENT=bepanthen", "https://www.mediherz-shop.de/keywordsearch?SEARCH_STRING_CONTENT=Cetirizinl", "https://www.mediherz-shop.de/keywordsearch?SEARCH_STRING_CONTENT=orthomol", "https://www.mediherz-shop.de/keywordsearch?SEARCH_STRING_CONTENT=aspirin", "https://www.mediherz-shop.de/keywordsearch/searchitem=Formoline", "https://www.mediherz-shop.de/keywordsearch/searchitem=wick", "https://www.mediherz-shop.de/keywordsearch?SEARCH_STRING_CONTENT=eucerin", "https://www.mediherz-shop.de/keywordsearch?SEARCH_STRING_CONTENT=basica", "https://www.mediherz-shop.de/service/impressum.html", "https://www.mediherz-shop.de/service/service-bestellung.html", "https://www.mediherz-shop.de//rezept-einloesen.html", "https://www.mediherz-shop.de/service/mail/bestellung-post-fax.html", "https://www.mediherz-shop.de/service/versandkosten.html", "https://www.mediherz-shop.de/service/zahlungsweise.html", "https://www.mediherz-shop.de/service/mail/Katalog.html", "https://www.mediherz-shop.de/service/pakethilfe.html", "https://www.mediherz-shop.de/service/service-kunden.html", "https://www.mediherz-shop.de/service/bonusprogramm.html", "https://www.mediherz-shop.de/service/reklamation.html", "https://www.mediherz-shop.de/service/newsletter.html", "https://www.mediherz-shop.de/service/hilfe.html", "https://www.mediherz-shop.de/service/faq-online-shop.html", "https://www.mediherz-shop.de/service/faq-kundenservice.html", "https://www.mediherz-shop.de/service/faq-bestellungen.html", "https://www.mediherz-shop.de/service/faq-produkte.html", "https://www.mediherz-shop.de/service/ueber.html", "https://www.mediherz-shop.de/service/presse.html", "https://www.mediherz-shop.de/service/themenwelt.html", "https://www.mediherz-shop.de/service/themenwelt-gesundheit.html", "https://www.mediherz-shop.de/service/themenwelt-kosmetik.html", "https://www.mediherz-shop.de/service/themenwelt-naturmedizin.html", "https://www.mediherz-shop.de/service/themenwelt-arzneimittel.html", "https://www.mediherz-shop.de/service/so-arbeitet-eine-versandapotheke.html", "https://www.mediherz-shop.de/service/themenwelt-kosmetik.html", "https://www.mediherz-shop.de/service/themenwelt-naturmedizin.html", "https://www.mediherz-shop.de/service/themenwelt-arzneimittel.html", "https://www.mediherz-shop.de/service/themenwelt-gesundheit.html", "https://www.mediherz-shop.de/service/faq-online-shop.html", "https://www.mediherz-shop.de/service/faq-bestellungen.html", "https://www.mediherz-shop.de/service/faq-kundenservice.html", "https://www.mediherz-shop.de/service/faq-produkte.html", "https://de.wikipedia.org/wiki/Lauer-Taxe", "https://de.wikipedia.org/wiki/Lauer-Taxe", "https://www.mediherz-shop.de/service/versandkosten.html", "https://www.mediherz-shop.de/service/zahlungsweise.html", "https://www.bvdva.de/", "https://versandhandel.dimdi.de/websearch/servlet/Gate?accessid=dimdi_var&term=c265109cec97c9684b7db18e4e803819", "https://www.bvl.bund.de/DE/Arbeitsbereiche/05_Tierarzneimittel/04_AntragstellerUnternehmen/12_Haendlerregister/05_Tabelle/tam_haendler_node.html#BVL-H-999", "https://www.mediherz-shop.de/service/newsletter.html", "https://www.dhl.de/de/privatkunden.html", "https://www.trans-o-flex.com/sendungsverfolgung/login ", "https://www.dpd.com/de/de/empfangen/sendungsverfolgung-und-live-tracking/", "https://www.myhermes.de/empfangen/sendungsverfolgung/", "https://www.myhermes.de/empfangen/sendungsverfolgung/", "https://www.facebook.com/mediherz", "https://www.youtube.com/channel/UCMzyig_chJTxmNLlChkP0gg", "https://www.trustedshops.de/bewertung/info_X14DC8FB144239509BB8DBEB348D95A47.html", "https://www.computerbild.de/artikel/cb-News-Internet-Top-shop-2023-35518367.html", "https://de.wikipedia.org/wiki/Lauer-Taxe"]}